,day,timestamp,product,bid_price_1,bid_volume_1,bid_price_2,bid_volume_2,bid_price_3,bid_volume_3,ask_price_1,ask_volume_1,ask_price_2,ask_volume_2,ask_price_3,ask_volume_3,mid_price,profit_and_loss
1,-1.0,0.0,PINA_COLADAS,14999.0,38.0,14998.0,53.0,,,15001.0,38.0,15002.0,53.0,,,15000.0,0.0
6,-1.0,100.0,PINA_COLADAS,14999.0,31.0,14998.0,64.0,,,15001.0,31.0,15002.0,64.0,,,15000.0,0.0
10,-1.0,200.0,PINA_COLADAS,14998.0,106.0,,,,,15001.0,106.0,,,,,14999.5,0.0
13,-1.0,300.0,PINA_COLADAS,14999.0,35.0,14998.0,67.0,,,15001.0,35.0,15002.0,67.0,,,15000.0,0.0
16,-1.0,400.0,PINA_COLADAS,14998.0,38.0,14997.0,69.0,,,15000.0,38.0,15001.0,69.0,,,14999.0,0.0
21,-1.0,500.0,PINA_COLADAS,14997.0,27.0,14996.0,52.0,,,15000.0,79.0,,,,,14998.5,0.0
26,-1.0,600.0,PINA_COLADAS,14998.0,93.0,,,,,15001.0,93.0,,,,,14999.5,0.0
29,-1.0,700.0,PINA_COLADAS,15001.0,103.0,,,,,15004.0,103.0,,,,,15002.5,0.0
32,-1.0,800.0,PINA_COLADAS,15001.0,106.0,,,,,15004.0,106.0,,,,,15002.5,0.0
38,-1.0,900.0,PINA_COLADAS,15000.0,93.0,,,,,15003.0,93.0,,,,,15001.5,0.0
42,-1.0,1000.0,PINA_COLADAS,15005.0,86.0,,,,,15008.0,86.0,,,,,15006.5,0.0
46,-1.0,1100.0,PINA_COLADAS,15005.0,37.0,15004.0,74.0,,,15007.0,37.0,15008.0,74.0,,,15006.0,0.0
48,-1.0,1200.0,PINA_COLADAS,15006.0,33.0,15005.0,56.0,,,15009.0,89.0,,,,,15007.5,0.0
55,-1.0,1300.0,PINA_COLADAS,15008.0,90.0,,,,,15011.0,90.0,,,,,15009.5,0.0
58,-1.0,1400.0,PINA_COLADAS,15006.0,80.0,,,,,15009.0,29.0,15010.0,51.0,,,15007.5,0.0
62,-1.0,1500.0,PINA_COLADAS,15009.0,109.0,,,,,15012.0,35.0,15013.0,74.0,,,15010.5,0.0
64,-1.0,1600.0,PINA_COLADAS,15012.0,30.0,15011.0,60.0,,,15014.0,30.0,15015.0,60.0,,,15013.0,0.0
70,-1.0,1700.0,PINA_COLADAS,15011.0,83.0,,,,,15014.0,83.0,,,,,15012.5,0.0
74,-1.0,1800.0,PINA_COLADAS,15012.0,110.0,,,,,15015.0,110.0,,,,,15013.5,0.0
78,-1.0,1900.0,PINA_COLADAS,15010.0,72.0,,,,,15013.0,72.0,,,,,15011.5,0.0
80,-1.0,2000.0,PINA_COLADAS,15014.0,28.0,15013.0,82.0,,,15016.0,82.0,,,,,15015.0,0.0
86,-1.0,2100.0,PINA_COLADAS,15014.0,82.0,,,,,15017.0,82.0,,,,,15015.5,0.0
90,-1.0,2200.0,PINA_COLADAS,15010.0,86.0,,,,,15013.0,20.0,15014.0,66.0,,,15011.5,0.0
95,-1.0,2300.0,PINA_COLADAS,15010.0,93.0,,,,,15013.0,24.0,15014.0,69.0,,,15011.5,0.0
96,-1.0,2400.0,PINA_COLADAS,15009.0,87.0,,,,,15012.0,87.0,,,,,15010.5,0.0
101,-1.0,2500.0,PINA_COLADAS,15011.0,38.0,15010.0,93.0,,,15013.0,93.0,,,,,15012.0,0.0
106,-1.0,2600.0,PINA_COLADAS,15009.0,27.0,15008.0,74.0,,,15011.0,27.0,15012.0,74.0,,,15010.0,0.0
109,-1.0,2700.0,PINA_COLADAS,15012.0,75.0,,,,,15015.0,75.0,,,,,15013.5,0.0
112,-1.0,2800.0,PINA_COLADAS,15007.0,92.0,,,,,15010.0,92.0,,,,,15008.5,0.0
117,-1.0,2900.0,PINA_COLADAS,15007.0,89.0,,,,,15010.0,89.0,,,,,15008.5,0.0
122,-1.0,3000.0,PINA_COLADAS,15004.0,22.0,15003.0,69.0,,,15007.0,91.0,,,,,15005.5,0.0
125,-1.0,3100.0,PINA_COLADAS,15005.0,95.0,,,,,15008.0,20.0,15009.0,75.0,,,15006.5,0.0
128,-1.0,3200.0,PINA_COLADAS,15006.0,36.0,15005.0,66.0,,,15008.0,36.0,15009.0,66.0,,,15007.0,0.0
133,-1.0,3300.0,PINA_COLADAS,15004.0,98.0,,,,,15007.0,98.0,,,,,15005.5,0.0
139,-1.0,3400.0,PINA_COLADAS,15002.0,84.0,,,,,15005.0,21.0,15006.0,63.0,,,15003.5,0.0
143,-1.0,3500.0,PINA_COLADAS,15004.0,35.0,15003.0,57.0,,,15006.0,35.0,15007.0,57.0,,,15005.0,0.0
145,-1.0,3600.0,PINA_COLADAS,15003.0,97.0,,,,,15006.0,97.0,,,,,15004.5,0.0
151,-1.0,3700.0,PINA_COLADAS,15004.0,71.0,,,,,15007.0,71.0,,,,,15005.5,0.0
155,-1.0,3800.0,PINA_COLADAS,15005.0,71.0,,,,,15008.0,71.0,,,,,15006.5,0.0
159,-1.0,3900.0,PINA_COLADAS,15007.0,29.0,15006.0,51.0,,,15010.0,80.0,,,,,15008.5,0.0
161,-1.0,4000.0,PINA_COLADAS,15009.0,30.0,15008.0,94.0,,,15011.0,94.0,,,,,15010.0,0.0
167,-1.0,4100.0,PINA_COLADAS,15009.0,81.0,,,,,15012.0,81.0,,,,,15010.5,0.0
171,-1.0,4200.0,PINA_COLADAS,15008.0,102.0,,,,,15009.0,25.0,15011.0,102.0,,,15008.5,0.0
175,-1.0,4300.0,PINA_COLADAS,15007.0,102.0,,,,,15010.0,102.0,,,,,15008.5,0.0
177,-1.0,4400.0,PINA_COLADAS,15009.0,112.0,,,,,15012.0,38.0,15013.0,74.0,,,15010.5,0.0
183,-1.0,4500.0,PINA_COLADAS,15009.0,85.0,,,,,15012.0,30.0,15013.0,55.0,,,15010.5,0.0
185,-1.0,4600.0,PINA_COLADAS,15007.0,74.0,15006.0,58.0,,,15009.0,36.0,15010.0,58.0,,,15008.0,0.0
188,-1.0,4700.0,PINA_COLADAS,15006.0,37.0,15005.0,73.0,,,15008.0,37.0,15009.0,73.0,,,15007.0,0.0
193,-1.0,4800.0,PINA_COLADAS,15006.0,79.0,,,,,15009.0,79.0,,,,,15007.5,0.0
199,-1.0,4900.0,PINA_COLADAS,15005.0,75.0,,,,,15008.0,25.0,15009.0,50.0,,,15006.5,0.0
200,-1.0,5000.0,PINA_COLADAS,15003.0,81.0,,,,,15006.0,21.0,15007.0,60.0,,,15004.5,0.0
204,-1.0,5100.0,PINA_COLADAS,15003.0,79.0,,,,,15006.0,79.0,,,,,15004.5,0.0
209,-1.0,5200.0,PINA_COLADAS,15004.0,87.0,,,,,15007.0,87.0,,,,,15005.5,0.0
214,-1.0,5300.0,PINA_COLADAS,15003.0,20.0,15002.0,75.0,,,15005.0,20.0,15006.0,75.0,,,15004.0,0.0
216,-1.0,5400.0,PINA_COLADAS,15002.0,29.0,15001.0,74.0,,,15004.0,29.0,15005.0,74.0,,,15003.0,0.0
220,-1.0,5500.0,PINA_COLADAS,14999.0,112.0,,,,,15002.0,112.0,,,,,15000.5,0.0
226,-1.0,5600.0,PINA_COLADAS,14999.0,85.0,,,,,15000.0,27.0,15002.0,21.0,15003.0,64.0,14999.5,0.0
230,-1.0,5700.0,PINA_COLADAS,14998.0,90.0,,,,,15001.0,90.0,,,,,14999.5,0.0
232,-1.0,5800.0,PINA_COLADAS,14996.0,104.0,,,,,14999.0,104.0,,,,,14997.5,0.0
236,-1.0,5900.0,PINA_COLADAS,14993.0,89.0,,,,,14996.0,89.0,,,,,14994.5,0.0
242,-1.0,6000.0,PINA_COLADAS,14992.0,84.0,,,,,14995.0,84.0,,,,,14993.5,0.0
246,-1.0,6100.0,PINA_COLADAS,14995.0,36.0,14994.0,57.0,,,14998.0,93.0,,,,,14996.5,0.0
248,-1.0,6200.0,PINA_COLADAS,14995.0,93.0,,,,,14998.0,32.0,14999.0,61.0,,,14996.5,0.0
252,-1.0,6300.0,PINA_COLADAS,14999.0,35.0,14998.0,73.0,,,15002.0,108.0,,,,,15000.5,0.0
258,-1.0,6400.0,PINA_COLADAS,15004.0,100.0,,,,,15007.0,100.0,,,,,15005.5,0.0
262,-1.0,6500.0,PINA_COLADAS,15006.0,39.0,15005.0,54.0,,,15008.0,39.0,15009.0,54.0,,,15007.0,0.0
264,-1.0,6600.0,PINA_COLADAS,15007.0,93.0,,,,,15010.0,93.0,,,,,15008.5,0.0
268,-1.0,6700.0,PINA_COLADAS,15008.0,92.0,,,,,15011.0,92.0,,,,,15009.5,0.0
274,-1.0,6800.0,PINA_COLADAS,15013.0,99.0,,,,,15016.0,99.0,,,,,15014.5,0.0
277,-1.0,6900.0,PINA_COLADAS,15012.0,92.0,,,,,15015.0,92.0,,,,,15013.5,0.0
280,-1.0,7000.0,PINA_COLADAS,15010.0,95.0,,,,,15013.0,95.0,,,,,15011.5,0.0
284,-1.0,7100.0,PINA_COLADAS,15012.0,38.0,15011.0,55.0,,,15014.0,38.0,15015.0,55.0,,,15013.0,0.0
289,-1.0,7200.0,PINA_COLADAS,15012.0,91.0,,,,,15015.0,91.0,,,,,15013.5,0.0
293,-1.0,7300.0,PINA_COLADAS,15015.0,40.0,15014.0,56.0,,,15017.0,40.0,15018.0,56.0,,,15016.0,-3.66015625
296,-1.0,7400.0,PINA_COLADAS,15012.0,88.0,,,,,15015.0,31.0,15016.0,57.0,,,15013.5,4.40625
300,-1.0,7500.0,PINA_COLADAS,15014.0,100.0,,,,,15017.0,100.0,,,,,15015.5,-3.16796875
305,-1.0,7600.0,PINA_COLADAS,15016.0,113.0,,,,,15019.0,113.0,,,,,15017.5,-10.5078125
309,-1.0,7700.0,PINA_COLADAS,15016.0,87.0,,,,,15019.0,87.0,,,,,15017.5,-9.9765625
312,-1.0,7800.0,PINA_COLADAS,15014.0,30.0,15013.0,59.0,,,15016.0,30.0,15017.0,59.0,,,15015.0,0.34375
317,-1.0,7900.0,PINA_COLADAS,15011.0,109.0,,,,,15014.0,109.0,,,,,15012.5,10.33203125
323,-1.0,8000.0,PINA_COLADAS,15013.0,105.0,,,,,15016.0,38.0,15017.0,67.0,,,15014.5,0.75
325,-1.0,8100.0,PINA_COLADAS,15011.0,24.0,15010.0,72.0,,,15013.0,30.0,15014.0,72.0,,,15012.0,6.09375
329,-1.0,8200.0,PINA_COLADAS,15010.0,87.0,,,,,15013.0,87.0,,,,,15011.5,11.34375
333,-1.0,8300.0,PINA_COLADAS,15011.0,97.0,,,,,15014.0,97.0,,,,,15012.5,1.953125
339,-1.0,8400.0,PINA_COLADAS,15014.0,30.0,15013.0,75.0,,,15016.0,30.0,15017.0,75.0,,,15015.0,-23.53125
341,-1.0,8500.0,PINA_COLADAS,15013.0,36.0,15012.0,65.0,,,15015.0,36.0,15016.0,65.0,,,15014.0,-13.515625
345,-1.0,8600.0,PINA_COLADAS,15012.0,93.0,,,,,15015.0,32.0,15016.0,61.0,,,15013.5,-12.5625
349,-1.0,8700.0,PINA_COLADAS,15012.0,100.0,,,,,15015.0,100.0,,,,,15013.5,-9.3125
355,-1.0,8800.0,PINA_COLADAS,15014.0,83.0,,,,,15017.0,83.0,,,,,15015.5,-28.84375
357,-1.0,8900.0,PINA_COLADAS,15015.0,112.0,,,,,15018.0,112.0,,,,,15016.5,-39.5
360,-1.0,9000.0,PINA_COLADAS,15011.0,93.0,,,,,15014.0,93.0,,,,,15012.5,1.625
366,-1.0,9100.0,PINA_COLADAS,15012.0,89.0,,,,,15015.0,89.0,,,,,15013.5,-9.5625
370,-1.0,9200.0,PINA_COLADAS,15015.0,84.0,,,,,15018.0,84.0,,,,,15016.5,-36.28125
373,-1.0,9300.0,PINA_COLADAS,15019.0,40.0,15018.0,68.0,,,15022.0,108.0,,,,,15020.5,-75.609375
376,-1.0,9400.0,PINA_COLADAS,15017.0,76.0,,,,,15020.0,76.0,,,,,15018.5,-56.65625
381,-1.0,9500.0,PINA_COLADAS,15019.0,100.0,,,,,15022.0,100.0,,,,,15020.5,-77.796875
386,-1.0,9600.0,PINA_COLADAS,15021.0,25.0,15020.0,57.0,,,15023.0,25.0,15024.0,57.0,,,15022.0,-93.5625
389,-1.0,9700.0,PINA_COLADAS,15019.0,27.0,15018.0,62.0,,,15022.0,89.0,,,,,15020.5,-75.03125
392,-1.0,9800.0,PINA_COLADAS,15020.0,30.0,15019.0,66.0,,,15022.0,30.0,15023.0,66.0,,,15021.0,-84.65625
398,-1.0,9900.0,PINA_COLADAS,15020.0,86.0,,,,,15023.0,23.0,15024.0,63.0,,,15021.5,-92.296875
402,-1.0,10000.0,PINA_COLADAS,15021.0,91.0,,,,,15024.0,91.0,,,,,15022.5,-100.859375
407,-1.0,10100.0,PINA_COLADAS,15023.0,97.0,,,,,15026.0,97.0,,,,,15024.5,-118.15625
408,-1.0,10200.0,PINA_COLADAS,15027.0,98.0,,,,,15030.0,98.0,,,,,15028.5,-160.03125
414,-1.0,10300.0,PINA_COLADAS,15027.0,95.0,,,,,15030.0,34.0,15031.0,61.0,,,15028.5,-162.59375
418,-1.0,10400.0,PINA_COLADAS,15027.0,34.0,15026.0,54.0,,,15030.0,88.0,,,,,15028.5,-160.5
422,-1.0,10500.0,PINA_COLADAS,15029.0,39.0,15028.0,66.0,,,15031.0,39.0,15032.0,66.0,,,15030.0,-186.4375
424,-1.0,10600.0,PINA_COLADAS,15030.0,31.0,15029.0,68.0,,,15032.0,31.0,15033.0,68.0,,,15031.0,-198.8125
430,-1.0,10700.0,PINA_COLADAS,15031.0,31.0,15030.0,62.0,,,15033.0,31.0,15034.0,62.0,,,15032.0,-214.875
434,-1.0,10800.0,PINA_COLADAS,15030.0,33.0,15029.0,59.0,,,15032.0,33.0,15033.0,59.0,,,15031.0,-199.203125
438,-1.0,10900.0,PINA_COLADAS,15031.0,98.0,,,,,15034.0,98.0,,,,,15032.5,-217.65625
440,-1.0,11000.0,PINA_COLADAS,15030.0,94.0,,,,,15033.0,94.0,,,,,15031.5,-209.109375
446,-1.0,11100.0,PINA_COLADAS,15030.0,90.0,,,,,15033.0,90.0,,,,,15031.5,-208.453125
450,-1.0,11200.0,PINA_COLADAS,15027.0,84.0,,,,,15030.0,20.0,15031.0,64.0,,,15028.5,-170.09375
454,-1.0,11300.0,PINA_COLADAS,15028.0,39.0,15027.0,73.0,,,15030.0,39.0,15031.0,73.0,,,15029.0,-171.15625
456,-1.0,11400.0,PINA_COLADAS,15030.0,94.0,,,,,15033.0,94.0,,,,,15031.5,-207.265625
461,-1.0,11500.0,PINA_COLADAS,15028.0,26.0,15027.0,64.0,,,15030.0,26.0,15031.0,64.0,,,15029.0,-172.5
466,-1.0,11600.0,PINA_COLADAS,15025.0,99.0,,,,,15028.0,39.0,15029.0,60.0,,,15026.5,-141.25
469,-1.0,11700.0,PINA_COLADAS,15026.0,33.0,15025.0,55.0,,,15027.0,23.0,15028.0,33.0,15029.0,55.0,15026.5,-144.03125
472,-1.0,11800.0,PINA_COLADAS,15022.0,93.0,,,,,15023.0,25.0,15025.0,21.0,15026.0,72.0,15022.5,-99.21875
477,-1.0,11900.0,PINA_COLADAS,15024.0,36.0,15023.0,66.0,,,15027.0,102.0,,,,,15025.5,-118.03125
482,-1.0,12000.0,PINA_COLADAS,15026.0,37.0,15025.0,62.0,,,15028.0,37.0,15029.0,62.0,,,15027.0,-144.0625
485,-1.0,12100.0,PINA_COLADAS,15025.0,98.0,,,,,15028.0,98.0,,,,,15026.5,-133.328125
488,-1.0,12200.0,PINA_COLADAS,15027.0,39.0,15026.0,58.0,,,15029.0,39.0,15030.0,58.0,,,15028.0,-159.3125
495,-1.0,12300.0,PINA_COLADAS,15026.0,111.0,,,,,15029.0,111.0,,,,,15027.5,-150.109375
499,-1.0,12400.0,PINA_COLADAS,15028.0,35.0,15027.0,64.0,,,15030.0,35.0,15031.0,64.0,,,15029.0,-171.21875
503,-1.0,12500.0,PINA_COLADAS,15024.0,40.0,15023.0,63.0,,,15027.0,103.0,,,,,15025.5,-118.515625
505,-1.0,12600.0,PINA_COLADAS,15024.0,101.0,,,,,15027.0,101.0,,,,,15025.5,-120.6875
511,-1.0,12700.0,PINA_COLADAS,15027.0,34.0,15026.0,68.0,,,15030.0,102.0,,,,,15028.5,-160.484375
515,-1.0,12800.0,PINA_COLADAS,15025.0,84.0,,,,,15028.0,27.0,15029.0,57.0,,,15026.5,-141.53125
519,-1.0,12900.0,PINA_COLADAS,15025.0,30.0,15024.0,69.0,,,15028.0,99.0,,,,,15026.5,-131.390625
521,-1.0,13000.0,PINA_COLADAS,15026.0,23.0,15025.0,54.0,,,15028.0,23.0,15029.0,54.0,,,15027.0,-143.84375
527,-1.0,13100.0,PINA_COLADAS,15025.0,93.0,,,,,15028.0,93.0,,,,,15026.5,-134.984375
531,-1.0,13200.0,PINA_COLADAS,15028.0,25.0,15027.0,57.0,,,15030.0,25.0,15031.0,57.0,,,15029.0,-173.21875
535,-1.0,13300.0,PINA_COLADAS,15027.0,100.0,,,,,15028.0,29.0,15030.0,100.0,,,15027.5,-161.390625
538,-1.0,13400.0,PINA_COLADAS,15028.0,94.0,,,,,15031.0,94.0,,,,,15029.5,-182.78125
543,-1.0,13500.0,PINA_COLADAS,15027.0,101.0,,,,,15030.0,101.0,,,,,15028.5,-167.0625
544,-1.0,13600.0,PINA_COLADAS,15029.0,96.0,,,,,15032.0,26.0,15033.0,70.0,,,15030.5,-198.25
548,-1.0,13700.0,PINA_COLADAS,15031.0,87.0,,,,,15034.0,87.0,,,,,15032.5,-218.75
553,-1.0,13800.0,PINA_COLADAS,15031.0,20.0,15030.0,95.0,,,15033.0,95.0,,,,,15032.0,-203.109375
559,-1.0,13900.0,PINA_COLADAS,15026.0,87.0,,,,,15029.0,87.0,,,,,15027.5,-147.78125
560,-1.0,14000.0,PINA_COLADAS,15027.0,21.0,15026.0,69.0,,,15029.0,21.0,15030.0,69.0,,,15028.0,-158.75
564,-1.0,14100.0,PINA_COLADAS,15024.0,90.0,,,,,15027.0,90.0,,,,,15025.5,-123.65625
570,-1.0,14200.0,PINA_COLADAS,15023.0,30.0,15022.0,55.0,,,15025.0,30.0,15026.0,55.0,,,15024.0,-103.03125
574,-1.0,14300.0,PINA_COLADAS,15022.0,24.0,15021.0,61.0,,,15025.0,85.0,,,,,15023.5,-90.75
576,-1.0,14400.0,PINA_COLADAS,15022.0,32.0,15021.0,61.0,,,15025.0,93.0,,,,,15023.5,-90.1875
580,-1.0,14500.0,PINA_COLADAS,15025.0,23.0,15024.0,67.0,,,15027.0,23.0,15028.0,67.0,,,15026.0,-130.6875
587,-1.0,14600.0,PINA_COLADAS,15025.0,90.0,,,,,15028.0,90.0,,,,,15026.5,-136.40625
590,-1.0,14700.0,PINA_COLADAS,15025.0,12.0,15024.0,72.0,,,15027.0,20.0,15028.0,72.0,,,15026.0,-139.46875
592,-1.0,14800.0,PINA_COLADAS,15025.0,29.0,15024.0,53.0,,,15026.0,23.0,15027.0,29.0,15028.0,53.0,15025.5,-139.25
596,-1.0,14900.0,PINA_COLADAS,15026.0,37.0,15025.0,74.0,,,15029.0,111.0,,,,,15027.5,-162.65625
602,-1.0,15000.0,PINA_COLADAS,15025.0,104.0,,,,,15028.0,104.0,,,,,15026.5,-152.15625
606,-1.0,15100.0,PINA_COLADAS,15026.0,32.0,15025.0,72.0,,,15028.0,32.0,15029.0,72.0,,,15027.0,-158.9375
608,-1.0,15200.0,PINA_COLADAS,15025.0,91.0,,,,,15028.0,91.0,,,,,15026.5,-148.0
612,-1.0,15300.0,PINA_COLADAS,15028.0,95.0,,,,,15031.0,95.0,,,,,15029.5,-214.6875
618,-1.0,15400.0,PINA_COLADAS,15028.0,33.0,15027.0,74.0,,,15031.0,107.0,,,,,15029.5,-208.21875
622,-1.0,15500.0,PINA_COLADAS,15031.0,85.0,,,,,15034.0,85.0,,,,,15032.5,-277.53125
624,-1.0,15600.0,PINA_COLADAS,15034.0,91.0,,,,,15037.0,91.0,,,,,15035.5,-343.1875
628,-1.0,15700.0,PINA_COLADAS,15031.0,20.0,15030.0,52.0,,,15033.0,20.0,15034.0,52.0,,,15032.0,-270.28125
633,-1.0,15800.0,PINA_COLADAS,15034.0,40.0,15033.0,69.0,,,15036.0,40.0,15037.0,69.0,,,15035.0,-337.78125
637,-1.0,15900.0,PINA_COLADAS,15035.0,82.0,,,,,15038.0,82.0,,,,,15036.5,-367.875
640,-1.0,16000.0,PINA_COLADAS,15035.0,93.0,,,,,15038.0,93.0,,,,,15036.5,-366.90625
644,-1.0,16100.0,PINA_COLADAS,15037.0,29.0,15036.0,52.0,,,15039.0,29.0,15040.0,52.0,,,15038.0,-402.0625
649,-1.0,16200.0,PINA_COLADAS,15032.0,23.0,15031.0,64.0,,,15034.0,23.0,15035.0,64.0,,,15033.0,-291.3125
653,-1.0,16300.0,PINA_COLADAS,15031.0,26.0,15030.0,57.0,,,15033.0,26.0,15034.0,57.0,,,15032.0,-269.21875
656,-1.0,16400.0,PINA_COLADAS,15032.0,24.0,15031.0,69.0,,,15034.0,24.0,15035.0,69.0,,,15033.0,-293.46875
660,-1.0,16500.0,PINA_COLADAS,15032.0,94.0,,,,,15035.0,38.0,15036.0,56.0,,,15033.5,-310.5625
665,-1.0,16600.0,PINA_COLADAS,15036.0,104.0,,,,,15039.0,104.0,,,,,15037.5,-397.21875
669,-1.0,16700.0,PINA_COLADAS,15036.0,10.0,15035.0,64.0,,,15038.0,40.0,15039.0,64.0,,,15037.0,-406.625
674,-1.0,16800.0,PINA_COLADAS,15033.0,24.0,15032.0,58.0,,,15036.0,82.0,,,,,15034.5,-264.4375
677,-1.0,16900.0,PINA_COLADAS,15035.0,79.0,,,,,15038.0,79.0,,,,,15036.5,-375.6875
683,-1.0,17000.0,PINA_COLADAS,15036.0,72.0,,,,,15039.0,72.0,,,,,15037.5,-428.6875
685,-1.0,17100.0,PINA_COLADAS,15034.0,101.0,,,,,15037.0,101.0,,,,,15035.5,-316.9375
689,-1.0,17200.0,PINA_COLADAS,15036.0,11.0,15034.0,87.0,,,15037.0,87.0,,,,,15036.5,-324.25
693,-1.0,17300.0,PINA_COLADAS,15032.0,91.0,,,,,15035.0,91.0,,,,,15033.5,-207.5625
699,-1.0,17400.0,PINA_COLADAS,15031.0,97.0,,,,,15034.0,97.0,,,,,15032.5,-142.5625
701,-1.0,17500.0,PINA_COLADAS,15030.0,25.0,15029.0,59.0,,,15033.0,84.0,,,,,15031.5,-52.875
705,-1.0,17600.0,PINA_COLADAS,15030.0,93.0,,,,,15033.0,93.0,,,,,15031.5,-75.625
709,-1.0,17700.0,PINA_COLADAS,15025.0,35.0,15024.0,61.0,,,15027.0,35.0,15028.0,61.0,,,15026.0,274.5
715,-1.0,17800.0,PINA_COLADAS,15025.0,77.0,,,,,15028.0,77.0,,,,,15026.5,246.75
718,-1.0,17900.0,PINA_COLADAS,15027.0,21.0,15026.0,56.0,,,15029.0,21.0,15030.0,56.0,,,15028.0,151.875
720,-1.0,18000.0,PINA_COLADAS,15023.0,38.0,15022.0,54.0,,,15026.0,92.0,,,,,15024.5,388.625
725,-1.0,18100.0,PINA_COLADAS,15026.0,89.0,,,,,15029.0,89.0,,,,,15027.5,169.5
730,-1.0,18200.0,PINA_COLADAS,15025.0,82.0,,,,,15028.0,82.0,,,,,15026.5,238.9375
733,-1.0,18300.0,PINA_COLADAS,15025.0,90.0,,,,,15028.0,90.0,,,,,15026.5,248.0625
736,-1.0,18400.0,PINA_COLADAS,15023.0,103.0,,,,,15026.0,103.0,,,,,15024.5,369.25
741,-1.0,18500.0,PINA_COLADAS,15021.0,89.0,,,,,15024.0,89.0,,,,,15022.5,493.9375
746,-1.0,18600.0,PINA_COLADAS,15021.0,84.0,,,,,15024.0,84.0,,,,,15022.5,491.5625
750,-1.0,18700.0,PINA_COLADAS,15023.0,36.0,15022.0,56.0,,,15025.0,36.0,15026.0,56.0,,,15024.0,392.75
752,-1.0,18800.0,PINA_COLADAS,15021.0,101.0,,,,,15024.0,101.0,,,,,15022.5,481.0
758,-1.0,18900.0,PINA_COLADAS,15023.0,82.0,,,,,15026.0,82.0,,,,,15024.5,358.0
762,-1.0,19000.0,PINA_COLADAS,15023.0,90.0,,,,,15026.0,90.0,,,,,15024.5,348.125
767,-1.0,19100.0,PINA_COLADAS,15024.0,92.0,,,,,15027.0,92.0,,,,,15025.5,318.1875
768,-1.0,19200.0,PINA_COLADAS,15022.0,100.0,,,,,15025.0,100.0,,,,,15023.5,412.6875
774,-1.0,19300.0,PINA_COLADAS,15020.0,97.0,,,,,15023.0,97.0,,,,,15021.5,564.0625
778,-1.0,19400.0,PINA_COLADAS,15019.0,21.0,15018.0,55.0,,,15021.0,21.0,15022.0,55.0,,,15020.0,647.4375
782,-1.0,19500.0,PINA_COLADAS,15020.0,25.0,15019.0,67.0,,,15023.0,92.0,,,,,15021.5,580.625
784,-1.0,19600.0,PINA_COLADAS,15018.0,79.0,,,,,15021.0,79.0,,,,,15019.5,678.1875
790,-1.0,19700.0,PINA_COLADAS,15017.0,102.0,,,,,15020.0,102.0,,,,,15018.5,761.0625
794,-1.0,19800.0,PINA_COLADAS,15020.0,95.0,,,,,15023.0,95.0,,,,,15021.5,539.125
798,-1.0,19900.0,PINA_COLADAS,15023.0,110.0,,,,,15026.0,110.0,,,,,15024.5,356.125
800,-1.0,20000.0,PINA_COLADAS,15023.0,85.0,,,,,15026.0,85.0,,,,,15024.5,361.0
807,-1.0,20100.0,PINA_COLADAS,15026.0,36.0,15025.0,75.0,,,15029.0,111.0,,,,,15027.5,198.875
810,-1.0,20200.0,PINA_COLADAS,15026.0,82.0,,,,,15029.0,82.0,,,,,15027.5,165.5
813,-1.0,20300.0,PINA_COLADAS,15026.0,87.0,,,,,15029.0,22.0,15030.0,65.0,,,15027.5,152.5
816,-1.0,20400.0,PINA_COLADAS,15027.0,90.0,,,,,15030.0,90.0,,,,,15028.5,131.6875
821,-1.0,20500.0,PINA_COLADAS,15025.0,81.0,,,,,15028.0,81.0,,,,,15026.5,239.5625
826,-1.0,20600.0,PINA_COLADAS,15027.0,39.0,15026.0,68.0,,,15029.0,39.0,15030.0,68.0,,,15028.0,140.875
829,-1.0,20700.0,PINA_COLADAS,15026.0,100.0,,,,,15029.0,100.0,,,,,15027.5,184.0625
832,-1.0,20800.0,PINA_COLADAS,15027.0,94.0,,,,,15030.0,100.0,,,,,15028.5,116.5
837,-1.0,20900.0,PINA_COLADAS,15027.0,85.0,,,,,15030.0,85.0,,,,,15028.5,123.125
842,-1.0,21000.0,PINA_COLADAS,15026.0,101.0,,,,,15027.0,20.0,15029.0,101.0,,,15026.5,159.0625
845,-1.0,21100.0,PINA_COLADAS,15028.0,101.0,,,,,15031.0,101.0,,,,,15029.5,47.5
849,-1.0,21200.0,PINA_COLADAS,15029.0,88.0,,,,,15032.0,88.0,,,,,15030.5,-19.1875
855,-1.0,21300.0,PINA_COLADAS,15023.0,80.0,,,,,15024.0,21.0,15026.0,26.0,15027.0,54.0,15023.5,346.75
859,-1.0,21400.0,PINA_COLADAS,15026.0,78.0,,,,,15029.0,78.0,,,,,15027.5,140.375
863,-1.0,21500.0,PINA_COLADAS,15024.0,111.0,,,,,15027.0,111.0,,,,,15025.5,279.25
865,-1.0,21600.0,PINA_COLADAS,15026.0,81.0,,,,,15029.0,81.0,,,,,15027.5,131.625
871,-1.0,21700.0,PINA_COLADAS,15025.0,108.0,,,,,15026.0,22.0,15028.0,34.0,15029.0,74.0,15025.5,179.625
875,-1.0,21800.0,PINA_COLADAS,15022.0,89.0,,,,,15025.0,89.0,,,,,15023.5,442.125
879,-1.0,21900.0,PINA_COLADAS,15019.0,76.0,,,,,15022.0,76.0,,,,,15020.5,684.625
881,-1.0,22000.0,PINA_COLADAS,15018.0,75.0,,,,,15021.0,20.0,15022.0,55.0,,,15019.5,760.375
887,-1.0,22100.0,PINA_COLADAS,15020.0,80.0,,,,,15023.0,80.0,,,,,15021.5,610.125
891,-1.0,22200.0,PINA_COLADAS,15023.0,91.0,,,,,15026.0,31.0,15027.0,60.0,,,15024.5,344.0
892,-1.0,22300.0,PINA_COLADAS,15022.0,102.0,,,,,15025.0,102.0,,,,,15023.5,467.125
898,-1.0,22400.0,PINA_COLADAS,15023.0,94.0,,,,,15026.0,94.0,,,,,15024.5,372.75
903,-1.0,22500.0,PINA_COLADAS,15021.0,36.0,15020.0,58.0,,,15023.0,36.0,15024.0,58.0,,,15022.0,578.5
904,-1.0,22600.0,PINA_COLADAS,15022.0,93.0,,,,,15025.0,93.0,,,,,15023.5,437.375
908,-1.0,22700.0,PINA_COLADAS,15027.0,89.0,,,,,15030.0,89.0,,,,,15028.5,34.0
913,-1.0,22800.0,PINA_COLADAS,15027.0,34.0,15026.0,62.0,,,15029.0,34.0,15030.0,62.0,,,15028.0,82.5
919,-1.0,22900.0,PINA_COLADAS,15028.0,94.0,,,,,15031.0,94.0,,,,,15029.5,-29.125
920,-1.0,23000.0,PINA_COLADAS,15025.0,78.0,,,,,15028.0,28.0,15029.0,50.0,,,15026.5,182.75
924,-1.0,23100.0,PINA_COLADAS,15024.0,97.0,,,,,15027.0,97.0,,,,,15025.5,314.875
930,-1.0,23200.0,PINA_COLADAS,15023.0,84.0,,,,,15026.0,84.0,,,,,15024.5,367.875
934,-1.0,23300.0,PINA_COLADAS,15021.0,89.0,,,,,15024.0,89.0,,,,,15022.5,528.375
937,-1.0,23400.0,PINA_COLADAS,15019.0,83.0,,,,,15022.0,83.0,,,,,15020.5,708.875
940,-1.0,23500.0,PINA_COLADAS,15020.0,39.0,15019.0,20.0,15018.0,51.0,15022.0,71.0,,,,,15021.0,737.5
946,-1.0,23600.0,PINA_COLADAS,15019.0,93.0,,,,,15020.0,30.0,15022.0,93.0,,,15019.5,685.375
950,-1.0,23700.0,PINA_COLADAS,15017.0,86.0,,,,,15020.0,86.0,,,,,15018.5,873.25
952,-1.0,23800.0,PINA_COLADAS,15018.0,95.0,,,,,15021.0,30.0,15022.0,65.0,,,15019.5,762.5
956,-1.0,23900.0,PINA_COLADAS,15018.0,83.0,,,,,15021.0,83.0,,,,,15019.5,788.625
962,-1.0,24000.0,PINA_COLADAS,15020.0,35.0,15019.0,58.0,,,15022.0,35.0,15023.0,58.0,,,15021.0,661.875
966,-1.0,24100.0,PINA_COLADAS,15020.0,85.0,,,,,15023.0,85.0,,,,,15021.5,641.75
968,-1.0,24200.0,PINA_COLADAS,15019.0,80.0,,,,,15022.0,80.0,,,,,15020.5,703.375
972,-1.0,24300.0,PINA_COLADAS,15021.0,31.0,15020.0,75.0,,,15023.0,31.0,15024.0,75.0,,,15022.0,577.625
978,-1.0,24400.0,PINA_COLADAS,15028.0,27.0,15027.0,61.0,,,15030.0,27.0,15031.0,61.0,,,15029.0,5.25
982,-1.0,24500.0,PINA_COLADAS,15029.0,31.0,15028.0,68.0,,,15031.0,31.0,15032.0,68.0,,,15030.0,-76.375
985,-1.0,24600.0,PINA_COLADAS,15026.0,22.0,15025.0,61.0,,,15028.0,22.0,15029.0,61.0,,,15027.0,163.875
988,-1.0,24700.0,PINA_COLADAS,15025.0,74.0,,,,,15028.0,74.0,,,,,15026.5,199.0
993,-1.0,24800.0,PINA_COLADAS,15026.0,87.0,,,,,15029.0,87.0,,,,,15027.5,101.125
997,-1.0,24900.0,PINA_COLADAS,15023.0,30.0,15022.0,96.0,,,15025.0,96.0,,,,,15024.0,446.0
1000,-1.0,25000.0,PINA_COLADAS,15028.0,110.0,,,,,15031.0,110.0,,,,,15029.5,-15.75
1004,-1.0,25100.0,PINA_COLADAS,15024.0,103.0,,,,,15027.0,103.0,,,,,15025.5,285.625
1009,-1.0,25200.0,PINA_COLADAS,15022.0,34.0,15021.0,69.0,,,15024.0,34.0,15025.0,69.0,,,15023.0,494.25
1013,-1.0,25300.0,PINA_COLADAS,15021.0,25.0,15020.0,59.0,,,15024.0,84.0,,,,,15022.5,570.125
1016,-1.0,25400.0,PINA_COLADAS,15022.0,34.0,15021.0,69.0,,,15025.0,103.0,,,,,15023.5,483.0
1020,-1.0,25500.0,PINA_COLADAS,15023.0,98.0,,,,,15026.0,39.0,15027.0,59.0,,,15024.5,344.5
1025,-1.0,25600.0,PINA_COLADAS,15021.0,100.0,,,,,15024.0,100.0,,,,,15022.5,546.25
1030,-1.0,25700.0,PINA_COLADAS,15023.0,24.0,15022.0,61.0,,,15025.0,24.0,15026.0,61.0,,,15024.0,418.75
1033,-1.0,25800.0,PINA_COLADAS,15023.0,36.0,15022.0,57.0,,,15026.0,93.0,,,,,15024.5,399.5
1037,-1.0,25900.0,PINA_COLADAS,15028.0,96.0,,,,,15031.0,96.0,,,,,15029.5,-17.0
1043,-1.0,26000.0,PINA_COLADAS,15033.0,98.0,,,,,15036.0,98.0,,,,,15034.5,-442.0
1045,-1.0,26100.0,PINA_COLADAS,15033.0,29.0,15032.0,70.0,,,15035.0,29.0,15036.0,70.0,,,15034.0,-419.375
1049,-1.0,26200.0,PINA_COLADAS,15032.0,103.0,,,,,15035.0,103.0,,,,,15033.5,-365.625
1053,-1.0,26300.0,PINA_COLADAS,15033.0,96.0,,,,,15036.0,96.0,,,,,15034.5,-434.125
1059,-1.0,26400.0,PINA_COLADAS,15032.0,84.0,,,,,15035.0,84.0,,,,,15033.5,-361.5
1061,-1.0,26500.0,PINA_COLADAS,15033.0,36.0,15032.0,54.0,,,15035.0,36.0,15036.0,54.0,,,15034.0,-406.625
1065,-1.0,26600.0,PINA_COLADAS,15029.0,39.0,15028.0,61.0,,,15032.0,100.0,,,,,15030.5,-94.375
1069,-1.0,26700.0,PINA_COLADAS,15028.0,77.0,,,,,15031.0,77.0,,,,,15029.5,-36.75
1074,-1.0,26800.0,PINA_COLADAS,15029.0,94.0,,,,,15032.0,94.0,,,,,15030.5,-131.375
1077,-1.0,26900.0,PINA_COLADAS,15028.0,81.0,,,,,15031.0,81.0,,,,,15029.5,-59.375
1080,-1.0,27000.0,PINA_COLADAS,15030.0,32.0,15029.0,55.0,,,15032.0,32.0,15033.0,55.0,,,15031.0,-171.75
1085,-1.0,27100.0,PINA_COLADAS,15027.0,87.0,,,,,15030.0,87.0,,,,,15028.5,50.25
1090,-1.0,27200.0,PINA_COLADAS,15025.0,84.0,,,,,15028.0,84.0,,,,,15026.5,184.0
1093,-1.0,27300.0,PINA_COLADAS,15025.0,26.0,15024.0,67.0,,,15027.0,26.0,15028.0,67.0,,,15026.0,252.25
1096,-1.0,27400.0,PINA_COLADAS,15025.0,33.0,15024.0,69.0,,,15027.0,33.0,15028.0,69.0,,,15026.0,257.375
1102,-1.0,27500.0,PINA_COLADAS,15023.0,96.0,,,,,15026.0,96.0,,,,,15024.5,370.375
1106,-1.0,27600.0,PINA_COLADAS,15022.0,93.0,,,,,15025.0,93.0,,,,,15023.5,452.25
1110,-1.0,27700.0,PINA_COLADAS,15018.0,112.0,,,,,15021.0,37.0,15022.0,75.0,,,15019.5,768.75
1112,-1.0,27800.0,PINA_COLADAS,15018.0,86.0,,,,,15021.0,86.0,,,,,15019.5,808.5
1119,-1.0,27900.0,PINA_COLADAS,15021.0,29.0,15020.0,55.0,,,15023.0,29.0,15024.0,55.0,,,15022.0,590.375
1122,-1.0,28000.0,PINA_COLADAS,15015.0,72.0,,,,,15018.0,72.0,,,,,15016.5,1040.875
1126,-1.0,28100.0,PINA_COLADAS,15017.0,77.0,,,,,15020.0,77.0,,,,,15018.5,874.875
1128,-1.0,28200.0,PINA_COLADAS,15016.0,91.0,,,,,15019.0,91.0,,,,,15017.5,978.125
1134,-1.0,28300.0,PINA_COLADAS,15018.0,72.0,,,,,15021.0,72.0,,,,,15019.5,772.625
1138,-1.0,28400.0,PINA_COLADAS,15014.0,98.0,,,,,15017.0,98.0,,,,,15015.5,1127.0
1142,-1.0,28500.0,PINA_COLADAS,15015.0,85.0,,,,,15018.0,85.0,,,,,15016.5,1026.5
1144,-1.0,28600.0,PINA_COLADAS,15017.0,22.0,15016.0,74.0,,,15020.0,96.0,,,,,15018.5,914.875
1150,-1.0,28700.0,PINA_COLADAS,15018.0,103.0,,,,,15021.0,33.0,15022.0,70.0,,,15019.5,769.25
1154,-1.0,28800.0,PINA_COLADAS,15015.0,90.0,,,,,15018.0,90.0,,,,,15016.5,1046.375
1158,-1.0,28900.0,PINA_COLADAS,15019.0,90.0,,,,,15022.0,90.0,,,,,15020.5,689.875
1160,-1.0,29000.0,PINA_COLADAS,15019.0,98.0,,,,,15022.0,98.0,,,,,15020.5,725.5
1166,-1.0,29100.0,PINA_COLADAS,15018.0,94.0,,,,,15021.0,33.0,15022.0,61.0,,,15019.5,762.75
1170,-1.0,29200.0,PINA_COLADAS,15019.0,22.0,15018.0,65.0,,,15022.0,87.0,,,,,15020.5,738.375
1173,-1.0,29300.0,PINA_COLADAS,15019.0,106.0,,,,,15022.0,31.0,15023.0,75.0,,,15020.5,683.5
1176,-1.0,29400.0,PINA_COLADAS,15019.0,96.0,,,,,15022.0,96.0,,,,,15020.5,702.25
1181,-1.0,29500.0,PINA_COLADAS,15019.0,99.0,,,,,15022.0,99.0,,,,,15020.5,707.375
1186,-1.0,29600.0,PINA_COLADAS,15020.0,97.0,,,,,15023.0,97.0,,,,,15021.5,605.875
1189,-1.0,29700.0,PINA_COLADAS,15017.0,38.0,15016.0,64.0,,,15018.0,24.0,15020.0,102.0,,,15017.5,913.625
1192,-1.0,29800.0,PINA_COLADAS,15013.0,38.0,15012.0,66.0,,,15016.0,104.0,,,,,15014.5,1248.0
1197,-1.0,29900.0,PINA_COLADAS,15014.0,88.0,,,,,15017.0,88.0,,,,,15015.5,1151.5
1202,-1.0,30000.0,PINA_COLADAS,15008.0,32.0,15007.0,72.0,,,15010.0,32.0,15011.0,72.0,,,15009.0,1687.25
1207,-1.0,30100.0,PINA_COLADAS,15008.0,89.0,,,,,15011.0,89.0,,,,,15009.5,1657.5
1209,-1.0,30200.0,PINA_COLADAS,15005.0,112.0,,,,,15008.0,112.0,,,,,15006.5,1876.5
1215,-1.0,30300.0,PINA_COLADAS,15008.0,24.0,15007.0,72.0,,,15011.0,96.0,,,,,15009.5,1673.75
1219,-1.0,30400.0,PINA_COLADAS,15006.0,95.0,,,,,15009.0,95.0,,,,,15007.5,1833.5
1223,-1.0,30500.0,PINA_COLADAS,15004.0,107.0,,,,,15005.0,30.0,15007.0,107.0,,,15004.5,1964.875
1225,-1.0,30600.0,PINA_COLADAS,15003.0,79.0,,,,,15006.0,79.0,,,,,15004.5,2093.25
1231,-1.0,30700.0,PINA_COLADAS,15002.0,38.0,15001.0,63.0,,,15004.0,38.0,15005.0,63.0,,,15003.0,2203.125
1235,-1.0,30800.0,PINA_COLADAS,15002.0,78.0,,,,,15005.0,78.0,,,,,15003.5,2163.25
1239,-1.0,30900.0,PINA_COLADAS,15003.0,20.0,15002.0,59.0,,,15005.0,20.0,15006.0,59.0,,,15004.0,2106.625
1241,-1.0,31000.0,PINA_COLADAS,15004.0,86.0,,,,,15007.0,86.0,,,,,15005.5,1964.625
1247,-1.0,31100.0,PINA_COLADAS,15004.0,30.0,15003.0,61.0,,,15005.0,25.0,15007.0,91.0,,,15004.5,2019.5
1249,-1.0,31200.0,PINA_COLADAS,15001.0,104.0,,,,,15004.0,31.0,15005.0,73.0,,,15002.5,2211.25
1252,-1.0,31300.0,PINA_COLADAS,15002.0,99.0,,,,,15005.0,99.0,,,,,15003.5,2164.875
1257,-1.0,31400.0,PINA_COLADAS,15002.0,92.0,,,,,15005.0,33.0,15006.0,59.0,,,15003.5,2128.75
1263,-1.0,31500.0,PINA_COLADAS,15002.0,114.0,,,,,15005.0,114.0,,,,,15003.5,2159.875
1264,-1.0,31600.0,PINA_COLADAS,15003.0,88.0,,,,,15006.0,88.0,,,,,15004.5,2084.75
1268,-1.0,31700.0,PINA_COLADAS,15003.0,63.0,,,,,15004.0,3.0,15006.0,34.0,15007.0,63.0,15003.5,2004.875
1273,-1.0,31800.0,PINA_COLADAS,15006.0,38.0,15005.0,67.0,,,15008.0,38.0,15009.0,67.0,,,15007.0,1756.625
1279,-1.0,31900.0,PINA_COLADAS,15005.0,91.0,,,,,15008.0,91.0,,,,,15006.5,1818.875
1280,-1.0,32000.0,PINA_COLADAS,15005.0,35.0,15004.0,56.0,,,15008.0,91.0,,,,,15006.5,1859.0
1284,-1.0,32100.0,PINA_COLADAS,15001.0,99.0,,,,,15004.0,99.0,,,,,15002.5,2294.5
1290,-1.0,32200.0,PINA_COLADAS,14999.0,36.0,14998.0,64.0,,,15001.0,36.0,15002.0,64.0,,,15000.0,2601.125
1294,-1.0,32300.0,PINA_COLADAS,14999.0,33.0,14998.0,74.0,,,15001.0,33.0,15002.0,74.0,,,15000.0,2578.625
1297,-1.0,32400.0,PINA_COLADAS,14998.0,94.0,,,,,15001.0,94.0,,,,,14999.5,2617.75
1300,-1.0,32500.0,PINA_COLADAS,14998.0,81.0,,,,,15001.0,81.0,,,,,14999.5,2634.875
1306,-1.0,32600.0,PINA_COLADAS,15000.0,89.0,,,,,15003.0,89.0,,,,,15001.5,2422.75
1310,-1.0,32700.0,PINA_COLADAS,14998.0,82.0,,,,,15001.0,82.0,,,,,14999.5,2650.625
1312,-1.0,32800.0,PINA_COLADAS,14998.0,84.0,,,,,15001.0,84.0,,,,,14999.5,2653.25
1316,-1.0,32900.0,PINA_COLADAS,14994.0,39.0,14993.0,64.0,,,14997.0,103.0,,,,,14995.5,3164.375
1322,-1.0,33000.0,PINA_COLADAS,14997.0,21.0,14996.0,61.0,,,14999.0,21.0,15000.0,61.0,,,14998.0,2835.5
1326,-1.0,33100.0,PINA_COLADAS,14995.0,39.0,14994.0,68.0,,,14996.0,26.0,14997.0,39.0,14998.0,68.0,14995.5,3060.375
1328,-1.0,33200.0,PINA_COLADAS,14995.0,39.0,14994.0,54.0,,,14997.0,39.0,14998.0,54.0,,,14996.0,3057.375
1332,-1.0,33300.0,PINA_COLADAS,14990.0,92.0,,,,,14993.0,27.0,14994.0,65.0,,,14991.5,3555.875
1339,-1.0,33400.0,PINA_COLADAS,14986.0,91.0,,,,,14989.0,24.0,14990.0,67.0,,,14987.5,4035.875
1341,-1.0,33500.0,PINA_COLADAS,14985.0,78.0,,,,,14988.0,78.0,,,,,14986.5,4170.875
1344,-1.0,33600.0,PINA_COLADAS,14984.0,81.0,,,,,14985.0,34.0,14987.0,81.0,,,14984.5,4280.875
1348,-1.0,33700.0,PINA_COLADAS,14981.0,97.0,,,,,14984.0,31.0,14985.0,66.0,,,14982.5,4625.5
1353,-1.0,33800.0,PINA_COLADAS,14985.0,94.0,,,,,14988.0,94.0,,,,,14986.5,4213.375
1357,-1.0,33900.0,PINA_COLADAS,14989.0,91.0,,,,,14992.0,91.0,,,,,14990.5,3741.0
1360,-1.0,34000.0,PINA_COLADAS,14987.0,21.0,14986.0,56.0,,,14989.0,21.0,14990.0,56.0,,,14988.0,4014.0
1364,-1.0,34100.0,PINA_COLADAS,14984.0,99.0,,,,,14987.0,99.0,,,,,14985.5,4283.75
1369,-1.0,34200.0,PINA_COLADAS,14983.0,84.0,,,,,14986.0,84.0,,,,,14984.5,4399.625
1373,-1.0,34300.0,PINA_COLADAS,14982.0,97.0,,,,,14985.0,97.0,,,,,14983.5,4576.5
1376,-1.0,34400.0,PINA_COLADAS,14985.0,89.0,,,,,14988.0,30.0,14989.0,59.0,,,14986.5,4150.75
1381,-1.0,34500.0,PINA_COLADAS,14983.0,80.0,,,,,14984.0,28.0,14986.0,80.0,,,14983.5,4420.5
1387,-1.0,34600.0,PINA_COLADAS,14986.0,88.0,,,,,14989.0,88.0,,,,,14987.5,4098.0
1389,-1.0,34700.0,PINA_COLADAS,14984.0,74.0,,,,,14987.0,74.0,,,,,14985.5,4317.625
1393,-1.0,34800.0,PINA_COLADAS,14985.0,21.0,14984.0,53.0,,,14987.0,21.0,14988.0,53.0,,,14986.0,4265.375
1397,-1.0,34900.0,PINA_COLADAS,14985.0,92.0,,,,,14988.0,92.0,,,,,14986.5,4197.125
1403,-1.0,35000.0,PINA_COLADAS,14987.0,39.0,14986.0,56.0,,,14990.0,95.0,,,,,14988.5,4001.375
1405,-1.0,35100.0,PINA_COLADAS,14987.0,36.0,14986.0,72.0,,,14989.0,36.0,14990.0,72.0,,,14988.0,4024.375
1409,-1.0,35200.0,PINA_COLADAS,14983.0,76.0,,,,,14986.0,76.0,,,,,14984.5,4465.375
1413,-1.0,35300.0,PINA_COLADAS,14980.0,37.0,14979.0,69.0,,,14983.0,106.0,,,,,14981.5,4829.5
1419,-1.0,35400.0,PINA_COLADAS,14978.0,20.0,14977.0,61.0,,,14980.0,20.0,14981.0,61.0,,,14979.0,5090.75
1421,-1.0,35500.0,PINA_COLADAS,14977.0,114.0,,,,,14980.0,114.0,,,,,14978.5,5149.5
1425,-1.0,35600.0,PINA_COLADAS,14975.0,79.0,,,,,14978.0,79.0,,,,,14976.5,5354.75
1430,-1.0,35700.0,PINA_COLADAS,14977.0,27.0,14976.0,60.0,,,14979.0,27.0,14980.0,60.0,,,14978.0,5201.875
1434,-1.0,35800.0,PINA_COLADAS,14977.0,35.0,14976.0,50.0,,,14980.0,85.0,,,,,14978.5,5185.375
1437,-1.0,35900.0,PINA_COLADAS,14975.0,30.0,14974.0,100.0,,,14977.0,100.0,,,,,14976.0,5504.875
1440,-1.0,36000.0,PINA_COLADAS,14973.0,109.0,,,,,14976.0,109.0,,,,,14974.5,5618.625
1445,-1.0,36100.0,PINA_COLADAS,14976.0,77.0,,,,,14979.0,77.0,,,,,14977.5,5273.125
1450,-1.0,36200.0,PINA_COLADAS,14975.0,91.0,,,,,14978.0,91.0,,,,,14976.5,5420.75
1453,-1.0,36300.0,PINA_COLADAS,14975.0,75.0,,,,,14978.0,23.0,14979.0,52.0,,,14976.5,5345.375
1456,-1.0,36400.0,PINA_COLADAS,14976.0,106.0,,,,,14979.0,40.0,14980.0,66.0,,,14977.5,5225.375
1462,-1.0,36500.0,PINA_COLADAS,14976.0,82.0,,,,,14979.0,82.0,,,,,14977.5,5240.625
1466,-1.0,36600.0,PINA_COLADAS,14974.0,115.0,,,,,14977.0,115.0,,,,,14975.5,5516.25
1470,-1.0,36700.0,PINA_COLADAS,14971.0,85.0,,,,,14974.0,85.0,,,,,14972.5,5887.625
1472,-1.0,36800.0,PINA_COLADAS,14973.0,21.0,14972.0,66.0,,,14974.0,23.0,14975.0,33.0,14976.0,66.0,14973.5,5660.125
1478,-1.0,36900.0,PINA_COLADAS,14973.0,109.0,,,,,14976.0,109.0,,,,,14974.5,5598.125
1482,-1.0,37000.0,PINA_COLADAS,14974.0,84.0,,,,,14977.0,84.0,,,,,14975.5,5508.75
1486,-1.0,37100.0,PINA_COLADAS,14974.0,88.0,,,,,14977.0,88.0,,,,,14975.5,5503.375
1488,-1.0,37200.0,PINA_COLADAS,14974.0,97.0,,,,,14977.0,97.0,,,,,14975.5,5502.25
1494,-1.0,37300.0,PINA_COLADAS,14973.0,102.0,,,,,14976.0,31.0,14977.0,71.0,,,14974.5,5555.75
1498,-1.0,37400.0,PINA_COLADAS,14973.0,39.0,14972.0,75.0,,,14975.0,39.0,14976.0,75.0,,,14974.0,5673.0
1502,-1.0,37500.0,PINA_COLADAS,14974.0,74.0,,,,,14977.0,21.0,14978.0,53.0,,,14975.5,5434.125
1504,-1.0,37600.0,PINA_COLADAS,14973.0,97.0,,,,,14976.0,97.0,,,,,14974.5,5636.75
1510,-1.0,37700.0,PINA_COLADAS,14972.0,89.0,,,,,14975.0,89.0,,,,,14973.5,5710.0
1514,-1.0,37800.0,PINA_COLADAS,14974.0,77.0,,,,,14977.0,77.0,,,,,14975.5,5438.75
1518,-1.0,37900.0,PINA_COLADAS,14975.0,86.0,,,,,14978.0,86.0,,,,,14976.5,5377.875
1520,-1.0,38000.0,PINA_COLADAS,14976.0,103.0,,,,,14979.0,103.0,,,,,14977.5,5229.625
1525,-1.0,38100.0,PINA_COLADAS,14978.0,26.0,14977.0,101.0,,,14980.0,101.0,,,,,14979.0,5079.25
1530,-1.0,38200.0,PINA_COLADAS,14976.0,101.0,,,,,14979.0,101.0,,,,,14977.5,5225.875
1533,-1.0,38300.0,PINA_COLADAS,14976.0,107.0,,,,,14979.0,107.0,,,,,14977.5,5226.125
1536,-1.0,38400.0,PINA_COLADAS,14977.0,82.0,,,,,14980.0,82.0,,,,,14978.5,5081.875
1541,-1.0,38500.0,PINA_COLADAS,14975.0,98.0,,,,,14978.0,98.0,,,,,14976.5,5328.75
1546,-1.0,38600.0,PINA_COLADAS,14978.0,100.0,,,,,14981.0,27.0,14982.0,73.0,,,14979.5,4888.875
1549,-1.0,38700.0,PINA_COLADAS,14979.0,104.0,,,,,14982.0,104.0,,,,,14980.5,4809.125
1552,-1.0,38800.0,PINA_COLADAS,14975.0,95.0,,,,,14978.0,95.0,,,,,14976.5,5316.125
1557,-1.0,38900.0,PINA_COLADAS,14976.0,94.0,,,,,14979.0,94.0,,,,,14977.5,5246.875
1563,-1.0,39000.0,PINA_COLADAS,14977.0,98.0,,,,,14980.0,98.0,,,,,14978.5,5103.625
1567,-1.0,39100.0,PINA_COLADAS,14977.0,25.0,14976.0,103.0,,,14979.0,103.0,,,,,14978.0,5235.625
1569,-1.0,39200.0,PINA_COLADAS,14979.0,111.0,,,,,14982.0,111.0,,,,,14980.5,4824.75
1575,-1.0,39300.0,PINA_COLADAS,14977.0,108.0,,,,,14980.0,108.0,,,,,14978.5,5079.125
1579,-1.0,39400.0,PINA_COLADAS,14976.0,100.0,,,,,14979.0,28.0,14980.0,72.0,,,14977.5,5159.125
1583,-1.0,39500.0,PINA_COLADAS,14977.0,32.0,14976.0,50.0,,,14980.0,82.0,,,,,14978.5,5120.5
1585,-1.0,39600.0,PINA_COLADAS,14982.0,23.0,14981.0,62.0,,,14984.0,23.0,14985.0,62.0,,,14983.0,4471.5
1591,-1.0,39700.0,PINA_COLADAS,14984.0,92.0,,,,,14987.0,92.0,,,,,14985.5,4117.875
1595,-1.0,39800.0,PINA_COLADAS,14985.0,32.0,14984.0,82.0,,,14987.0,82.0,,,,,14986.0,4089.25
1599,-1.0,39900.0,PINA_COLADAS,14983.0,76.0,,,,,14986.0,26.0,14987.0,50.0,,,14984.5,4215.75
1601,-1.0,40000.0,PINA_COLADAS,14982.0,23.0,14981.0,62.0,,,14983.0,33.0,14984.0,23.0,14985.0,62.0,14982.5,4456.125
1607,-1.0,40100.0,PINA_COLADAS,14982.0,35.0,14981.0,72.0,,,14984.0,35.0,14985.0,72.0,,,14983.0,4458.875
1609,-1.0,40200.0,PINA_COLADAS,14981.0,27.0,14980.0,50.0,,,14984.0,77.0,,,,,14982.5,4582.625
1612,-1.0,40300.0,PINA_COLADAS,14981.0,104.0,,,,,14984.0,104.0,,,,,14982.5,4563.5
1617,-1.0,40400.0,PINA_COLADAS,14981.0,74.0,,,,,14984.0,74.0,,,,,14982.5,4539.875
1623,-1.0,40500.0,PINA_COLADAS,14979.0,22.0,14978.0,64.0,,,14981.0,22.0,14982.0,64.0,,,14980.0,4860.125
1624,-1.0,40600.0,PINA_COLADAS,14980.0,73.0,,,,,14983.0,73.0,,,,,14981.5,4683.0
1628,-1.0,40700.0,PINA_COLADAS,14978.0,82.0,,,,,14981.0,82.0,,,,,14979.5,4922.75
1633,-1.0,40800.0,PINA_COLADAS,14975.0,98.0,,,,,14978.0,98.0,,,,,14976.5,5380.875
1638,-1.0,40900.0,PINA_COLADAS,14974.0,24.0,14973.0,69.0,,,14976.0,24.0,14977.0,69.0,,,14975.0,5555.25
1640,-1.0,41000.0,PINA_COLADAS,14971.0,30.0,14970.0,50.0,,,14972.0,39.0,14974.0,80.0,,,14971.5,5923.75
1644,-1.0,41100.0,PINA_COLADAS,14971.0,31.0,14970.0,54.0,,,14973.0,31.0,14974.0,54.0,,,14972.0,5961.875
1651,-1.0,41200.0,PINA_COLADAS,14972.0,78.0,,,,,14975.0,78.0,,,,,14973.5,5779.5
1654,-1.0,41300.0,PINA_COLADAS,14972.0,77.0,,,,,14975.0,77.0,,,,,14973.5,5773.0
1656,-1.0,41400.0,PINA_COLADAS,14976.0,39.0,14975.0,59.0,,,14978.0,39.0,14979.0,59.0,,,14977.0,5280.125
1660,-1.0,41500.0,PINA_COLADAS,14978.0,27.0,14977.0,74.0,,,14980.0,27.0,14981.0,74.0,,,14979.0,5000.125
1666,-1.0,41600.0,PINA_COLADAS,14975.0,32.0,14974.0,74.0,,,14978.0,106.0,,,,,14976.5,5390.625
1670,-1.0,41700.0,PINA_COLADAS,14975.0,27.0,14974.0,71.0,,,14978.0,98.0,,,,,14976.5,5392.75
1672,-1.0,41800.0,PINA_COLADAS,14979.0,74.0,,,,,14982.0,74.0,,,,,14980.5,4833.125
1676,-1.0,41900.0,PINA_COLADAS,14978.0,26.0,14977.0,74.0,,,14980.0,26.0,14981.0,74.0,,,14979.0,4995.5
1682,-1.0,42000.0,PINA_COLADAS,14974.0,98.0,,,,,14975.0,39.0,14977.0,98.0,,,14974.5,5467.25
1686,-1.0,42100.0,PINA_COLADAS,14977.0,81.0,,,,,14980.0,81.0,,,,,14978.5,5074.375
1688,-1.0,42200.0,PINA_COLADAS,14977.0,90.0,,,,,14980.0,90.0,,,,,14978.5,5064.5
1692,-1.0,42300.0,PINA_COLADAS,14980.0,94.0,,,,,14983.0,94.0,,,,,14981.5,4660.625
1698,-1.0,42400.0,PINA_COLADAS,14980.0,80.0,,,,,14983.0,80.0,,,,,14981.5,4641.625
1701,-1.0,42500.0,PINA_COLADAS,14981.0,93.0,,,,,14984.0,93.0,,,,,14982.5,4554.375
1704,-1.0,42600.0,PINA_COLADAS,14980.0,106.0,,,,,14983.0,32.0,14984.0,74.0,,,14981.5,4620.125
1708,-1.0,42700.0,PINA_COLADAS,14980.0,105.0,,,,,14983.0,34.0,14984.0,71.0,,,14981.5,4617.25
1713,-1.0,42800.0,PINA_COLADAS,14976.0,97.0,,,,,14979.0,97.0,,,,,14977.5,5239.625
1717,-1.0,42900.0,PINA_COLADAS,14973.0,81.0,,,,,14976.0,81.0,,,,,14974.5,5578.625
1720,-1.0,43000.0,PINA_COLADAS,14973.0,89.0,,,,,14976.0,89.0,,,,,14974.5,5582.875
1724,-1.0,43100.0,PINA_COLADAS,14971.0,88.0,,,,,14974.0,88.0,,,,,14972.5,5909.875
1729,-1.0,43200.0,PINA_COLADAS,14974.0,24.0,14973.0,57.0,,,14976.0,24.0,14977.0,57.0,,,14975.0,5535.0
1733,-1.0,43300.0,PINA_COLADAS,14975.0,101.0,,,,,14978.0,101.0,,,,,14976.5,5355.375
1738,-1.0,43400.0,PINA_COLADAS,14977.0,86.0,,,,,14978.0,28.0,14980.0,86.0,,,14977.5,5097.625
1741,-1.0,43500.0,PINA_COLADAS,14979.0,24.0,14978.0,57.0,,,14981.0,24.0,14982.0,57.0,,,14980.0,4871.625
1747,-1.0,43600.0,PINA_COLADAS,14979.0,77.0,,,,,14982.0,77.0,,,,,14980.5,4826.625
1749,-1.0,43700.0,PINA_COLADAS,14976.0,99.0,,,,,14979.0,99.0,,,,,14977.5,5178.375
1753,-1.0,43800.0,PINA_COLADAS,14980.0,110.0,,,,,14983.0,40.0,14984.0,70.0,,,14981.5,4617.875
1757,-1.0,43900.0,PINA_COLADAS,14980.0,100.0,,,,,14983.0,100.0,,,,,14981.5,4643.0
1763,-1.0,44000.0,PINA_COLADAS,14984.0,34.0,14983.0,54.0,,,14986.0,34.0,14987.0,54.0,,,14985.0,4182.625
1765,-1.0,44100.0,PINA_COLADAS,14982.0,101.0,,,,,14985.0,101.0,,,,,14983.5,4371.875
1769,-1.0,44200.0,PINA_COLADAS,14979.0,100.0,,,,,14982.0,100.0,,,,,14980.5,4834.375
1773,-1.0,44300.0,PINA_COLADAS,14979.0,86.0,,,,,14980.0,21.0,14982.0,86.0,,,14979.5,4768.75
1779,-1.0,44400.0,PINA_COLADAS,14979.0,25.0,14978.0,72.0,,,14981.0,25.0,14982.0,72.0,,,14980.0,4882.375
1782,-1.0,44500.0,PINA_COLADAS,14978.0,86.0,,,,,14981.0,86.0,,,,,14979.5,4965.75
1784,-1.0,44600.0,PINA_COLADAS,14977.0,90.0,,,,,14980.0,35.0,14981.0,55.0,,,14978.5,5030.0
1789,-1.0,44700.0,PINA_COLADAS,14979.0,89.0,,,,,14982.0,89.0,,,,,14980.5,4832.875
1794,-1.0,44800.0,PINA_COLADAS,14974.0,25.0,14973.0,70.0,,,14976.0,25.0,14977.0,70.0,,,14975.0,5556.125
1797,-1.0,44900.0,PINA_COLADAS,14973.0,90.0,,,,,14976.0,90.0,,,,,14974.5,5582.0
1800,-1.0,45000.0,PINA_COLADAS,14977.0,35.0,14976.0,104.0,,,14979.0,104.0,,,,,14978.0,5195.875
1805,-1.0,45100.0,PINA_COLADAS,14971.0,99.0,,,,,14974.0,99.0,,,,,14972.5,5874.0
1810,-1.0,45200.0,PINA_COLADAS,14972.0,21.0,14971.0,56.0,,,14974.0,21.0,14975.0,56.0,,,14973.0,5811.5
1814,-1.0,45300.0,PINA_COLADAS,14967.0,20.0,14966.0,53.0,,,14970.0,73.0,,,,,14968.5,6464.125
1816,-1.0,45400.0,PINA_COLADAS,14961.0,95.0,,,,,14964.0,95.0,,,,,14962.5,7218.0
1822,-1.0,45500.0,PINA_COLADAS,14959.0,37.0,14958.0,55.0,,,14962.0,92.0,,,,,14960.5,7547.75
1826,-1.0,45600.0,PINA_COLADAS,14956.0,76.0,,,,,14959.0,24.0,14960.0,52.0,,,14957.5,7863.25
1831,-1.0,45700.0,PINA_COLADAS,14956.0,102.0,,,,,14959.0,102.0,,,,,14957.5,7937.5
1832,-1.0,45800.0,PINA_COLADAS,14952.0,34.0,14951.0,58.0,,,14954.0,34.0,14955.0,58.0,,,14953.0,8526.25
1838,-1.0,45900.0,PINA_COLADAS,14951.0,94.0,,,,,14954.0,94.0,,,,,14952.5,8617.75
1842,-1.0,46000.0,PINA_COLADAS,14952.0,96.0,,,,,14955.0,96.0,,,,,14953.5,8473.0
1846,-1.0,46100.0,PINA_COLADAS,14949.0,84.0,,,,,14952.0,84.0,,,,,14950.5,8867.375
1848,-1.0,46200.0,PINA_COLADAS,14949.0,36.0,14948.0,75.0,,,14952.0,111.0,,,,,14950.5,8896.5
1854,-1.0,46300.0,PINA_COLADAS,14950.0,22.0,14949.0,63.0,,,14952.0,22.0,14953.0,63.0,,,14951.0,8789.875
1858,-1.0,46400.0,PINA_COLADAS,14949.0,107.0,,,,,14952.0,107.0,,,,,14950.5,8876.875
1862,-1.0,46500.0,PINA_COLADAS,14950.0,115.0,,,,,14953.0,115.0,,,,,14951.5,8703.5
1864,-1.0,46600.0,PINA_COLADAS,14950.0,82.0,,,,,14953.0,82.0,,,,,14951.5,8680.25
1870,-1.0,46700.0,PINA_COLADAS,14954.0,40.0,14953.0,65.0,,,14957.0,105.0,,,,,14955.5,8222.625
1874,-1.0,46800.0,PINA_COLADAS,14954.0,98.0,,,,,14957.0,98.0,,,,,14955.5,8155.25
1877,-1.0,46900.0,PINA_COLADAS,14952.0,91.0,,,,,14953.0,27.0,14955.0,91.0,,,14952.5,8470.125
1880,-1.0,47000.0,PINA_COLADAS,14951.0,95.0,,,,,14954.0,95.0,,,,,14952.5,8604.0
1885,-1.0,47100.0,PINA_COLADAS,14951.0,78.0,,,,,14954.0,78.0,,,,,14952.5,8609.625
1890,-1.0,47200.0,PINA_COLADAS,14957.0,29.0,14956.0,74.0,,,14959.0,29.0,14960.0,74.0,,,14958.0,7828.375
1893,-1.0,47300.0,PINA_COLADAS,14954.0,96.0,,,,,14957.0,96.0,,,,,14955.5,8216.875
1896,-1.0,47400.0,PINA_COLADAS,14953.0,23.0,14952.0,84.0,,,14955.0,30.0,14956.0,54.0,,,14954.0,8401.125
1901,-1.0,47500.0,PINA_COLADAS,14952.0,24.0,14951.0,62.0,,,14953.0,38.0,14955.0,86.0,,,14952.5,8493.375
1906,-1.0,47600.0,PINA_COLADAS,14951.0,80.0,,,,,14954.0,26.0,14955.0,54.0,,,14952.5,8536.875
1909,-1.0,47700.0,PINA_COLADAS,14954.0,87.0,,,,,14957.0,25.0,14958.0,62.0,,,14955.5,8127.75
1912,-1.0,47800.0,PINA_COLADAS,14957.0,25.0,14956.0,102.0,,,14959.0,102.0,,,,,14958.0,7941.25
1919,-1.0,47900.0,PINA_COLADAS,14958.0,85.0,,,,,14961.0,85.0,,,,,14959.5,7669.875
1923,-1.0,48000.0,PINA_COLADAS,14959.0,37.0,14958.0,61.0,,,14962.0,98.0,,,,,14960.5,7552.25
1927,-1.0,48100.0,PINA_COLADAS,14962.0,77.0,,,,,14965.0,77.0,,,,,14963.5,7108.25
1929,-1.0,48200.0,PINA_COLADAS,14959.0,39.0,14958.0,53.0,,,14962.0,92.0,,,,,14960.5,7554.0
1935,-1.0,48300.0,PINA_COLADAS,14957.0,106.0,,,,,14960.0,106.0,,,,,14958.5,7795.25
1939,-1.0,48400.0,PINA_COLADAS,14955.0,96.0,,,,,14958.0,96.0,,,,,14956.5,8080.375
1943,-1.0,48500.0,PINA_COLADAS,14955.0,39.0,14954.0,51.0,,,14957.0,39.0,14958.0,51.0,,,14956.0,8115.5
1945,-1.0,48600.0,PINA_COLADAS,14955.0,84.0,,,,,14958.0,28.0,14959.0,56.0,,,14956.5,7997.5
1951,-1.0,48700.0,PINA_COLADAS,14958.0,98.0,,,,,14961.0,98.0,,,,,14959.5,7665.0
1955,-1.0,48800.0,PINA_COLADAS,14959.0,107.0,,,,,14962.0,107.0,,,,,14960.5,7488.0
1959,-1.0,48900.0,PINA_COLADAS,14962.0,27.0,14961.0,52.0,,,14963.0,35.0,14965.0,79.0,,,14962.5,7144.125
1962,-1.0,49000.0,PINA_COLADAS,14962.0,96.0,,,,,14965.0,96.0,,,,,14963.5,7090.75
1967,-1.0,49100.0,PINA_COLADAS,14962.0,23.0,14961.0,52.0,,,14964.0,23.0,14965.0,52.0,,,14963.0,7152.5
1968,-1.0,49200.0,PINA_COLADAS,14961.0,88.0,,,,,14964.0,88.0,,,,,14962.5,7252.625
1972,-1.0,49300.0,PINA_COLADAS,14959.0,110.0,,,,,14962.0,110.0,,,,,14960.5,7496.75
1977,-1.0,49400.0,PINA_COLADAS,14957.0,20.0,14956.0,62.0,,,14959.0,20.0,14960.0,62.0,,,14958.0,7850.625
1983,-1.0,49500.0,PINA_COLADAS,14954.0,83.0,,,,,14957.0,83.0,,,,,14955.5,8147.25
1984,-1.0,49600.0,PINA_COLADAS,14953.0,82.0,,,,,14956.0,82.0,,,,,14954.5,8279.625
1988,-1.0,49700.0,PINA_COLADAS,14955.0,93.0,,,,,14958.0,93.0,,,,,14956.5,8006.625
1994,-1.0,49800.0,PINA_COLADAS,14959.0,27.0,14958.0,67.0,,,14961.0,27.0,14962.0,67.0,,,14960.0,7581.75
1998,-1.0,49900.0,PINA_COLADAS,14960.0,113.0,,,,,14963.0,113.0,,,,,14961.5,7391.0
2000,-1.0,50000.0,PINA_COLADAS,14965.0,91.0,,,,,14968.0,91.0,,,,,14966.5,6654.125
2004,-1.0,50100.0,PINA_COLADAS,14966.0,28.0,14965.0,75.0,,,14968.0,28.0,14969.0,75.0,,,14967.0,6630.375
2011,-1.0,50200.0,PINA_COLADAS,14963.0,76.0,,,,,14966.0,76.0,,,,,14964.5,6974.625
2014,-1.0,50300.0,PINA_COLADAS,14962.0,81.0,,,,,14965.0,81.0,,,,,14963.5,7110.25
2016,-1.0,50400.0,PINA_COLADAS,14962.0,103.0,,,,,14965.0,103.0,,,,,14963.5,7089.375
2020,-1.0,50500.0,PINA_COLADAS,14962.0,88.0,,,,,14965.0,88.0,,,,,14963.5,7109.625
2026,-1.0,50600.0,PINA_COLADAS,14963.0,90.0,,,,,14966.0,90.0,,,,,14964.5,6965.125
2030,-1.0,50700.0,PINA_COLADAS,14963.0,80.0,,,,,14966.0,80.0,,,,,14964.5,6935.625
2032,-1.0,50800.0,PINA_COLADAS,14962.0,38.0,14961.0,69.0,,,14965.0,107.0,,,,,14963.5,7149.0
2036,-1.0,50900.0,PINA_COLADAS,14959.0,59.0,,,,,14960.0,4.0,14962.0,28.0,14963.0,59.0,14959.5,7422.0
2042,-1.0,51000.0,PINA_COLADAS,14957.0,35.0,14956.0,61.0,,,14960.0,96.0,,,,,14958.5,7877.0
2046,-1.0,51100.0,PINA_COLADAS,14952.0,98.0,,,,,14955.0,98.0,,,,,14953.5,8651.25
2049,-1.0,51200.0,PINA_COLADAS,14950.0,78.0,,,,,14953.0,78.0,,,,,14951.5,8908.75
2052,-1.0,51300.0,PINA_COLADAS,14951.0,89.0,,,,,14954.0,89.0,,,,,14952.5,8743.75
2057,-1.0,51400.0,PINA_COLADAS,14950.0,37.0,14949.0,59.0,,,14952.0,37.0,14953.0,59.0,,,14951.0,9043.75
2061,-1.0,51500.0,PINA_COLADAS,14948.0,89.0,,,,,14951.0,89.0,,,,,14949.5,9250.75
2064,-1.0,51600.0,PINA_COLADAS,14950.0,76.0,,,,,14953.0,76.0,,,,,14951.5,8919.0
2068,-1.0,51700.0,PINA_COLADAS,14948.0,95.0,,,,,14951.0,95.0,,,,,14949.5,9302.75
2073,-1.0,51800.0,PINA_COLADAS,14949.0,101.0,,,,,14952.0,101.0,,,,,14950.5,9166.25
2077,-1.0,51900.0,PINA_COLADAS,14948.0,98.0,,,,,14951.0,98.0,,,,,14949.5,9286.5
2080,-1.0,52000.0,PINA_COLADAS,14951.0,90.0,,,,,14954.0,90.0,,,,,14952.5,8765.75
2084,-1.0,52100.0,PINA_COLADAS,14953.0,99.0,,,,,14956.0,99.0,,,,,14954.5,8460.25
2089,-1.0,52200.0,PINA_COLADAS,14950.0,76.0,,,,,14953.0,76.0,,,,,14951.5,8956.25
2094,-1.0,52300.0,PINA_COLADAS,14951.0,38.0,14950.0,58.0,,,14953.0,38.0,14954.0,58.0,,,14952.0,8888.0
2098,-1.0,52400.0,PINA_COLADAS,14950.0,92.0,,,,,14953.0,92.0,,,,,14951.5,8957.0
2101,-1.0,52500.0,PINA_COLADAS,14952.0,77.0,,,,,14955.0,77.0,,,,,14953.5,8649.0
2107,-1.0,52600.0,PINA_COLADAS,14953.0,86.0,,,,,14954.0,39.0,14956.0,86.0,,,14953.5,8481.25
2109,-1.0,52700.0,PINA_COLADAS,14955.0,75.0,,,,,14958.0,75.0,,,,,14956.5,8111.75
2113,-1.0,52800.0,PINA_COLADAS,14954.0,80.0,,,,,14957.0,80.0,,,,,14955.5,8277.75
2117,-1.0,52900.0,PINA_COLADAS,14949.0,97.0,,,,,14952.0,26.0,14953.0,71.0,,,14950.5,9065.75
2123,-1.0,53000.0,PINA_COLADAS,14950.0,23.0,14949.0,86.0,,,14952.0,86.0,,,,,14951.0,9167.0
2125,-1.0,53100.0,PINA_COLADAS,14949.0,90.0,,,,,14952.0,90.0,,,,,14950.5,9123.5
2129,-1.0,53200.0,PINA_COLADAS,14951.0,28.0,14950.0,64.0,,,14952.0,26.0,14954.0,92.0,,,14951.5,8849.75
2133,-1.0,53300.0,PINA_COLADAS,14951.0,39.0,14950.0,72.0,,,14953.0,39.0,14954.0,72.0,,,14952.0,8882.25
2138,-1.0,53400.0,PINA_COLADAS,14954.0,32.0,14953.0,70.0,,,14956.0,32.0,14957.0,70.0,,,14955.0,8378.0
2142,-1.0,53500.0,PINA_COLADAS,14953.0,93.0,,,,,14956.0,93.0,,,,,14954.5,8438.25
2144,-1.0,53600.0,PINA_COLADAS,14954.0,79.0,,,,,14957.0,79.0,,,,,14955.5,8295.75
2149,-1.0,53700.0,PINA_COLADAS,14952.0,40.0,14951.0,62.0,,,14955.0,102.0,,,,,14953.5,8680.5
2154,-1.0,53800.0,PINA_COLADAS,14953.0,98.0,,,,,14956.0,98.0,,,,,14954.5,8507.5
2157,-1.0,53900.0,PINA_COLADAS,14950.0,77.0,,,,,14953.0,77.0,,,,,14951.5,8951.0
2160,-1.0,54000.0,PINA_COLADAS,14949.0,83.0,,,,,14952.0,83.0,,,,,14950.5,9114.75
2165,-1.0,54100.0,PINA_COLADAS,14952.0,34.0,14951.0,73.0,,,14954.0,34.0,14955.0,73.0,,,14953.0,8716.0
2170,-1.0,54200.0,PINA_COLADAS,14952.0,27.0,14951.0,72.0,,,14954.0,27.0,14955.0,72.0,,,14953.0,8709.75
2174,-1.0,54300.0,PINA_COLADAS,14955.0,87.0,,,,,14958.0,87.0,,,,,14956.5,8148.0
2176,-1.0,54400.0,PINA_COLADAS,14955.0,85.0,,,,,14958.0,85.0,,,,,14956.5,8158.25
2183,-1.0,54500.0,PINA_COLADAS,14957.0,40.0,14956.0,53.0,,,14959.0,40.0,14960.0,53.0,,,14958.0,7898.75
2186,-1.0,54600.0,PINA_COLADAS,14952.0,102.0,,,,,14955.0,102.0,,,,,14953.5,8636.25
2190,-1.0,54700.0,PINA_COLADAS,14952.0,84.0,,,,,14955.0,84.0,,,,,14953.5,8634.0
2192,-1.0,54800.0,PINA_COLADAS,14950.0,93.0,,,,,14953.0,93.0,,,,,14951.5,9000.75
2198,-1.0,54900.0,PINA_COLADAS,14950.0,88.0,,,,,14953.0,88.0,,,,,14951.5,8971.0
2202,-1.0,55000.0,PINA_COLADAS,14951.0,21.0,14950.0,53.0,,,14953.0,21.0,14954.0,53.0,,,14952.0,8870.0
2206,-1.0,55100.0,PINA_COLADAS,14950.0,83.0,,,,,14953.0,83.0,,,,,14951.5,8980.0
2208,-1.0,55200.0,PINA_COLADAS,14950.0,105.0,,,,,14953.0,105.0,,,,,14951.5,8966.75
2214,-1.0,55300.0,PINA_COLADAS,14948.0,29.0,14947.0,64.0,,,14950.0,29.0,14951.0,64.0,,,14949.0,9352.25
2218,-1.0,55400.0,PINA_COLADAS,14945.0,107.0,,,,,14948.0,107.0,,,,,14946.5,9805.25
2222,-1.0,55500.0,PINA_COLADAS,14945.0,38.0,14944.0,20.0,14943.0,53.0,14946.0,20.0,14947.0,53.0,,,14945.5,10001.75
2224,-1.0,55600.0,PINA_COLADAS,14941.0,97.0,,,,,14944.0,97.0,,,,,14942.5,10435.5
2230,-1.0,55700.0,PINA_COLADAS,14942.0,94.0,,,,,14945.0,94.0,,,,,14943.5,10290.75
2234,-1.0,55800.0,PINA_COLADAS,14941.0,101.0,,,,,14944.0,33.0,14945.0,68.0,,,14942.5,10365.0
2237,-1.0,55900.0,PINA_COLADAS,14938.0,91.0,,,,,14941.0,91.0,,,,,14939.5,10958.0
2240,-1.0,56000.0,PINA_COLADAS,14939.0,40.0,14938.0,65.0,,,14941.0,40.0,14942.0,65.0,,,14940.0,10829.0
2245,-1.0,56100.0,PINA_COLADAS,14940.0,24.0,14939.0,62.0,,,14943.0,86.0,,,,,14941.5,10637.5
2250,-1.0,56200.0,PINA_COLADAS,14941.0,24.0,14940.0,51.0,,,14943.0,24.0,14944.0,51.0,,,14942.0,10514.25
2253,-1.0,56300.0,PINA_COLADAS,14937.0,106.0,,,,,14940.0,106.0,,,,,14938.5,11068.0
2256,-1.0,56400.0,PINA_COLADAS,14934.0,94.0,,,,,14937.0,94.0,,,,,14935.5,11598.75
2261,-1.0,56500.0,PINA_COLADAS,14936.0,83.0,,,,,14939.0,83.0,,,,,14937.5,11240.5
2266,-1.0,56600.0,PINA_COLADAS,14934.0,93.0,,,,,14937.0,36.0,14938.0,57.0,,,14935.5,11510.25
2269,-1.0,56700.0,PINA_COLADAS,14928.0,75.0,,,,,14931.0,75.0,,,,,14929.5,12567.25
2273,-1.0,56800.0,PINA_COLADAS,14930.0,78.0,,,,,14933.0,78.0,,,,,14931.5,12204.5
2279,-1.0,56900.0,PINA_COLADAS,14931.0,24.0,14930.0,36.0,14929.0,60.0,14932.0,36.0,14933.0,60.0,,,14931.5,12296.5
2283,-1.0,57000.0,PINA_COLADAS,14929.0,100.0,,,,,14932.0,100.0,,,,,14930.5,12365.0
2287,-1.0,57100.0,PINA_COLADAS,14925.0,96.0,,,,,14928.0,96.0,,,,,14926.5,13013.5
2289,-1.0,57200.0,PINA_COLADAS,14927.0,75.0,,,,,14930.0,75.0,,,,,14928.5,12747.25
2295,-1.0,57300.0,PINA_COLADAS,14924.0,67.0,14923.0,69.0,,,14926.0,35.0,14927.0,69.0,,,14925.0,13279.0
2299,-1.0,57400.0,PINA_COLADAS,14923.0,86.0,,,,,14926.0,86.0,,,,,14924.5,13332.25
2303,-1.0,57500.0,PINA_COLADAS,14923.0,60.0,,,,,14926.0,72.0,,,,,14924.5,13340.5
2305,-1.0,57600.0,PINA_COLADAS,14923.0,83.0,,,,,14926.0,83.0,,,,,14924.5,13315.5
2311,-1.0,57700.0,PINA_COLADAS,14920.0,95.0,,,,,14923.0,95.0,,,,,14921.5,13869.25
2315,-1.0,57800.0,PINA_COLADAS,14922.0,103.0,,,,,14925.0,103.0,,,,,14923.5,13481.25
2316,-1.0,57900.0,PINA_COLADAS,14918.0,89.0,,,,,14921.0,89.0,,,,,14919.5,14200.75
2321,-1.0,58000.0,PINA_COLADAS,14922.0,20.0,14921.0,86.0,,,14924.0,86.0,,,,,14923.0,13706.25
2327,-1.0,58100.0,PINA_COLADAS,14922.0,85.0,,,,,14925.0,85.0,,,,,14923.5,13498.0
2328,-1.0,58200.0,PINA_COLADAS,14923.0,79.0,,,,,14926.0,79.0,,,,,14924.5,13383.0
2332,-1.0,58300.0,PINA_COLADAS,14922.0,25.0,14921.0,63.0,,,14924.0,25.0,14925.0,63.0,,,14923.0,13616.75
2337,-1.0,58400.0,PINA_COLADAS,14922.0,100.0,,,,,14925.0,100.0,,,,,14923.5,13555.25
2343,-1.0,58500.0,PINA_COLADAS,14919.0,24.0,14918.0,71.0,,,14922.0,95.0,,,,,14920.5,14101.75
2344,-1.0,58600.0,PINA_COLADAS,14917.0,75.0,,,,,14920.0,75.0,,,,,14918.5,14422.25
2348,-1.0,58700.0,PINA_COLADAS,14916.0,79.0,,,,,14919.0,79.0,,,,,14917.5,14593.25
2354,-1.0,58800.0,PINA_COLADAS,14915.0,32.0,14914.0,54.0,,,14918.0,86.0,,,,,14916.5,14805.0
2358,-1.0,58900.0,PINA_COLADAS,14915.0,104.0,,,,,14918.0,104.0,,,,,14916.5,14791.75
2361,-1.0,59000.0,PINA_COLADAS,14916.0,99.0,,,,,14919.0,99.0,,,,,14917.5,14578.25
2364,-1.0,59100.0,PINA_COLADAS,14913.0,101.0,,,,,14916.0,101.0,,,,,14914.5,15092.5
2370,-1.0,59200.0,PINA_COLADAS,14909.0,32.0,14908.0,68.0,,,14911.0,32.0,14912.0,68.0,,,14910.0,15868.25
2374,-1.0,59300.0,PINA_COLADAS,14910.0,85.0,,,,,14913.0,85.0,,,,,14911.5,15631.5
2376,-1.0,59400.0,PINA_COLADAS,14912.0,98.0,,,,,14915.0,98.0,,,,,14913.5,15302.25
2380,-1.0,59500.0,PINA_COLADAS,14914.0,106.0,,,,,14917.0,106.0,,,,,14915.5,14949.0
2386,-1.0,59600.0,PINA_COLADAS,14912.0,89.0,,,,,14915.0,89.0,,,,,14913.5,15258.0
2390,-1.0,59700.0,PINA_COLADAS,14909.0,94.0,,,,,14912.0,94.0,,,,,14910.5,15745.25
2392,-1.0,59800.0,PINA_COLADAS,14910.0,82.0,,,,,14913.0,82.0,,,,,14911.5,15571.0
2396,-1.0,59900.0,PINA_COLADAS,14909.0,21.0,14908.0,56.0,,,14912.0,77.0,,,,,14910.5,15851.5
2402,-1.0,60000.0,PINA_COLADAS,14908.0,93.0,,,,,14911.0,93.0,,,,,14909.5,15984.5
2405,-1.0,60100.0,PINA_COLADAS,14909.0,100.0,,,,,14912.0,100.0,,,,,14910.5,15741.75
2409,-1.0,60200.0,PINA_COLADAS,14911.0,29.0,14910.0,70.0,,,14914.0,99.0,,,,,14912.5,15496.0
2412,-1.0,60300.0,PINA_COLADAS,14912.0,34.0,14911.0,53.0,,,14914.0,34.0,14915.0,53.0,,,14913.0,15346.75
2417,-1.0,60400.0,PINA_COLADAS,14910.0,109.0,,,,,14913.0,109.0,,,,,14911.5,15563.75
2421,-1.0,60500.0,PINA_COLADAS,14911.0,85.0,,,,,14914.0,85.0,,,,,14912.5,15408.0
2424,-1.0,60600.0,PINA_COLADAS,14911.0,33.0,14910.0,67.0,,,14914.0,100.0,,,,,14912.5,15504.0
2428,-1.0,60700.0,PINA_COLADAS,14912.0,102.0,,,,,14915.0,102.0,,,,,14913.5,15268.25
2433,-1.0,60800.0,PINA_COLADAS,14911.0,92.0,,,,,14914.0,92.0,,,,,14912.5,15426.25
2437,-1.0,60900.0,PINA_COLADAS,14913.0,29.0,14912.0,62.0,,,14916.0,91.0,,,,,14914.5,15145.25
2440,-1.0,61000.0,PINA_COLADAS,14911.0,100.0,,,,,14914.0,100.0,,,,,14912.5,15441.5
2444,-1.0,61100.0,PINA_COLADAS,14913.0,109.0,,,,,14916.0,109.0,,,,,14914.5,15113.5
2451,-1.0,61200.0,PINA_COLADAS,14913.0,99.0,,,,,14916.0,99.0,,,,,14914.5,15057.5
2454,-1.0,61300.0,PINA_COLADAS,14912.0,82.0,,,,,14915.0,82.0,,,,,14913.5,15223.75
2457,-1.0,61400.0,PINA_COLADAS,14909.0,85.0,,,,,14912.0,85.0,,,,,14910.5,15802.0
2461,-1.0,61500.0,PINA_COLADAS,14907.0,83.0,,,,,14910.0,83.0,,,,,14908.5,16149.5
2467,-1.0,61600.0,PINA_COLADAS,14906.0,75.0,,,,,14909.0,21.0,14910.0,54.0,,,14907.5,16254.25
2469,-1.0,61700.0,PINA_COLADAS,14910.0,95.0,,,,,14913.0,23.0,14914.0,72.0,,,14911.5,15547.5
2473,-1.0,61800.0,PINA_COLADAS,14911.0,88.0,,,,,14914.0,88.0,,,,,14912.5,15483.75
2477,-1.0,61900.0,PINA_COLADAS,14908.0,87.0,,,,,14911.0,87.0,,,,,14909.5,15964.0
2483,-1.0,62000.0,PINA_COLADAS,14909.0,21.0,14908.0,28.0,14907.0,60.0,14910.0,28.0,14911.0,60.0,,,14909.5,16045.75
2485,-1.0,62100.0,PINA_COLADAS,14908.0,26.0,14907.0,58.0,,,14910.0,26.0,14911.0,58.0,,,14909.0,16043.5
2489,-1.0,62200.0,PINA_COLADAS,14907.0,100.0,,,,,14910.0,100.0,,,,,14908.5,16176.75
2494,-1.0,62300.0,PINA_COLADAS,14906.0,101.0,,,,,14909.0,101.0,,,,,14907.5,16339.75
2498,-1.0,62400.0,PINA_COLADAS,14904.0,78.0,,,,,14907.0,78.0,,,,,14905.5,16663.75
2501,-1.0,62500.0,PINA_COLADAS,14903.0,105.0,,,,,14906.0,105.0,,,,,14904.5,16875.5
2504,-1.0,62600.0,PINA_COLADAS,14902.0,95.0,,,,,14905.0,37.0,14906.0,58.0,,,14903.5,16953.75
2509,-1.0,62700.0,PINA_COLADAS,14903.0,109.0,,,,,14906.0,109.0,,,,,14904.5,16826.75
2514,-1.0,62800.0,PINA_COLADAS,14902.0,113.0,,,,,14905.0,113.0,,,,,14903.5,16992.75
2517,-1.0,62900.0,PINA_COLADAS,14900.0,91.0,,,,,14903.0,91.0,,,,,14901.5,17331.25
2520,-1.0,63000.0,PINA_COLADAS,14903.0,22.0,14902.0,99.0,,,14905.0,99.0,,,,,14904.0,17045.25
2526,-1.0,63100.0,PINA_COLADAS,14901.0,27.0,14900.0,74.0,,,14903.0,27.0,14904.0,74.0,,,14902.0,17264.25
2530,-1.0,63200.0,PINA_COLADAS,14897.0,93.0,,,,,14900.0,93.0,,,,,14898.5,17850.5
2534,-1.0,63300.0,PINA_COLADAS,14897.0,34.0,14896.0,50.0,,,14899.0,34.0,14900.0,50.0,,,14898.0,17965.0
2536,-1.0,63400.0,PINA_COLADAS,14896.0,99.0,,,,,14899.0,99.0,,,,,14897.5,18111.5
2543,-1.0,63500.0,PINA_COLADAS,14896.0,101.0,,,,,14899.0,101.0,,,,,14897.5,18029.0
2546,-1.0,63600.0,PINA_COLADAS,14897.0,40.0,14896.0,52.0,,,14899.0,40.0,14900.0,52.0,,,14898.0,17988.75
2550,-1.0,63700.0,PINA_COLADAS,14893.0,93.0,,,,,14896.0,93.0,,,,,14894.5,18600.0
2552,-1.0,63800.0,PINA_COLADAS,14891.0,99.0,,,,,14894.0,29.0,14895.0,70.0,,,14892.5,18874.5
2558,-1.0,63900.0,PINA_COLADAS,14892.0,31.0,14891.0,63.0,,,14894.0,31.0,14895.0,63.0,,,14893.0,18842.75
2562,-1.0,64000.0,PINA_COLADAS,14893.0,104.0,,,,,14896.0,104.0,,,,,14894.5,18620.0
2566,-1.0,64100.0,PINA_COLADAS,14890.0,79.0,,,,,14893.0,21.0,14894.0,58.0,,,14891.5,19053.25
2568,-1.0,64200.0,PINA_COLADAS,14891.0,27.0,14890.0,54.0,,,14894.0,81.0,,,,,14892.5,18997.0
2574,-1.0,64300.0,PINA_COLADAS,14889.0,72.0,,,,,14892.0,72.0,,,,,14890.5,19298.75
2578,-1.0,64400.0,PINA_COLADAS,14888.0,39.0,14887.0,36.0,14886.0,61.0,14890.0,97.0,,,,,14889.0,19706.25
2583,-1.0,64500.0,PINA_COLADAS,14887.0,35.0,14886.0,27.0,14885.0,55.0,14888.0,27.0,14889.0,55.0,,,14887.5,19895.75
2584,-1.0,64600.0,PINA_COLADAS,14885.0,38.0,14884.0,66.0,,,14887.0,38.0,14888.0,66.0,,,14886.0,20070.25
2589,-1.0,64700.0,PINA_COLADAS,14886.0,25.0,14885.0,64.0,,,14888.0,25.0,14889.0,64.0,,,14887.0,19885.0
2594,-1.0,64800.0,PINA_COLADAS,14888.0,85.0,,,,,14891.0,85.0,,,,,14889.5,19497.75
2597,-1.0,64900.0,PINA_COLADAS,14886.0,37.0,14885.0,69.0,,,14888.0,37.0,14889.0,69.0,,,14887.0,19919.0
2600,-1.0,65000.0,PINA_COLADAS,14884.0,92.0,,,,,14887.0,92.0,,,,,14885.5,20205.25
2605,-1.0,65100.0,PINA_COLADAS,14885.0,99.0,,,,,14888.0,99.0,,,,,14886.5,19965.0
2610,-1.0,65200.0,PINA_COLADAS,14885.0,24.0,14884.0,50.0,,,14888.0,74.0,,,,,14886.5,20052.25
2613,-1.0,65300.0,PINA_COLADAS,14886.0,92.0,,,,,14889.0,92.0,,,,,14887.5,19811.5
2616,-1.0,65400.0,PINA_COLADAS,14887.0,93.0,,,,,14890.0,93.0,,,,,14888.5,19584.75
2621,-1.0,65500.0,PINA_COLADAS,14885.0,75.0,,,,,14888.0,75.0,,,,,14886.5,19969.5
2627,-1.0,65600.0,PINA_COLADAS,14886.0,99.0,,,,,14887.0,21.0,14889.0,99.0,,,14886.5,19798.75
2631,-1.0,65700.0,PINA_COLADAS,14887.0,88.0,,,,,14890.0,88.0,,,,,14888.5,19692.25
2633,-1.0,65800.0,PINA_COLADAS,14891.0,102.0,,,,,14894.0,102.0,,,,,14892.5,18929.75
2639,-1.0,65900.0,PINA_COLADAS,14885.0,97.0,,,,,14888.0,97.0,,,,,14886.5,19962.75
2643,-1.0,66000.0,PINA_COLADAS,14885.0,108.0,,,,,14888.0,108.0,,,,,14886.5,19949.0
2647,-1.0,66100.0,PINA_COLADAS,14885.0,92.0,,,,,14888.0,32.0,14889.0,60.0,,,14886.5,19924.0
2649,-1.0,66200.0,PINA_COLADAS,14886.0,88.0,,,,,14887.0,30.0,14889.0,88.0,,,14886.5,19861.25
2655,-1.0,66300.0,PINA_COLADAS,14888.0,89.0,,,,,14889.0,32.0,14891.0,22.0,14892.0,67.0,14888.5,19402.25
2659,-1.0,66400.0,PINA_COLADAS,14891.0,112.0,,,,,14894.0,38.0,14895.0,74.0,,,14892.5,18883.25
2663,-1.0,66500.0,PINA_COLADAS,14894.0,85.0,,,,,14897.0,85.0,,,,,14895.5,18368.5
2665,-1.0,66600.0,PINA_COLADAS,14891.0,103.0,,,,,14894.0,103.0,,,,,14892.5,18915.75
2671,-1.0,66700.0,PINA_COLADAS,14890.0,31.0,14889.0,85.0,,,14892.0,85.0,,,,,14891.0,19234.75
2673,-1.0,66800.0,PINA_COLADAS,14888.0,83.0,,,,,14891.0,83.0,,,,,14889.5,19425.5
2676,-1.0,66900.0,PINA_COLADAS,14889.0,33.0,14888.0,61.0,,,14891.0,33.0,14892.0,61.0,,,14890.0,19369.0
2681,-1.0,67000.0,PINA_COLADAS,14888.0,81.0,,,,,14889.0,34.0,14891.0,27.0,14892.0,54.0,14888.5,19401.5
2687,-1.0,67100.0,PINA_COLADAS,14890.0,89.0,,,,,14893.0,89.0,,,,,14891.5,19081.75
2688,-1.0,67200.0,PINA_COLADAS,14891.0,26.0,14890.0,71.0,,,14893.0,26.0,14894.0,71.0,,,14892.0,19030.75
2692,-1.0,67300.0,PINA_COLADAS,14892.0,30.0,14891.0,65.0,,,14895.0,95.0,,,,,14893.5,18824.5
2697,-1.0,67400.0,PINA_COLADAS,14892.0,96.0,,,,,14895.0,96.0,,,,,14893.5,18802.5
2702,-1.0,67500.0,PINA_COLADAS,14893.0,35.0,14892.0,52.0,,,14895.0,35.0,14896.0,52.0,,,14894.0,18687.75
2704,-1.0,67600.0,PINA_COLADAS,14893.0,105.0,,,,,14896.0,34.0,14897.0,71.0,,,14894.5,18525.75
2708,-1.0,67700.0,PINA_COLADAS,14897.0,20.0,14896.0,63.0,,,14899.0,20.0,14900.0,63.0,,,14898.0,17960.5
2714,-1.0,67800.0,PINA_COLADAS,14899.0,97.0,,,,,14902.0,97.0,,,,,14900.5,17583.75
2718,-1.0,67900.0,PINA_COLADAS,14901.0,111.0,,,,,14904.0,111.0,,,,,14902.5,17160.0
2720,-1.0,68000.0,PINA_COLADAS,14902.0,77.0,,,,,14905.0,77.0,,,,,14903.5,16973.5
2724,-1.0,68100.0,PINA_COLADAS,14905.0,101.0,,,,,14908.0,101.0,,,,,14906.5,16464.5
2730,-1.0,68200.0,PINA_COLADAS,14906.0,40.0,14905.0,64.0,,,14908.0,40.0,14909.0,64.0,,,14907.0,16414.25
2734,-1.0,68300.0,PINA_COLADAS,14904.0,77.0,,,,,14907.0,77.0,,,,,14905.5,16612.75
2736,-1.0,68400.0,PINA_COLADAS,14907.0,26.0,14906.0,72.0,,,14910.0,98.0,,,,,14908.5,16205.75
2740,-1.0,68500.0,PINA_COLADAS,14911.0,40.0,14910.0,59.0,,,14913.0,40.0,14914.0,59.0,,,14912.0,15520.25
2746,-1.0,68600.0,PINA_COLADAS,14912.0,24.0,14911.0,70.0,,,14914.0,24.0,14915.0,70.0,,,14913.0,15348.5
2750,-1.0,68700.0,PINA_COLADAS,14910.0,95.0,,,,,14913.0,95.0,,,,,14911.5,15566.0
2752,-1.0,68800.0,PINA_COLADAS,14911.0,108.0,,,,,14914.0,108.0,,,,,14912.5,15409.75
2756,-1.0,68900.0,PINA_COLADAS,14912.0,86.0,,,,,14913.0,37.0,14915.0,86.0,,,14912.5,15290.5
2762,-1.0,69000.0,PINA_COLADAS,14913.0,33.0,14912.0,64.0,,,14915.0,33.0,14916.0,64.0,,,14914.0,15163.75
2765,-1.0,69100.0,PINA_COLADAS,14911.0,81.0,,,,,14914.0,81.0,,,,,14912.5,15414.5
2768,-1.0,69200.0,PINA_COLADAS,14913.0,102.0,,,,,14916.0,102.0,,,,,14914.5,15089.5
2772,-1.0,69300.0,PINA_COLADAS,14911.0,95.0,,,,,14914.0,95.0,,,,,14912.5,15479.75
2777,-1.0,69400.0,PINA_COLADAS,14908.0,99.0,,,,,14911.0,99.0,,,,,14909.5,16011.75
2781,-1.0,69500.0,PINA_COLADAS,14906.0,99.0,,,,,14909.0,34.0,14910.0,65.0,,,14907.5,16253.0
2784,-1.0,69600.0,PINA_COLADAS,14911.0,97.0,,,,,14914.0,97.0,,,,,14912.5,15421.5
2788,-1.0,69700.0,PINA_COLADAS,14911.0,32.0,14910.0,52.0,,,14914.0,84.0,,,,,14912.5,15499.75
2793,-1.0,69800.0,PINA_COLADAS,14910.0,87.0,,,,,14913.0,87.0,,,,,14911.5,15578.0
2797,-1.0,69900.0,PINA_COLADAS,14911.0,76.0,,,,,14914.0,76.0,,,,,14912.5,15445.25
2800,-1.0,70000.0,PINA_COLADAS,14912.0,94.0,,,,,14915.0,94.0,,,,,14913.5,15303.75
2805,-1.0,70100.0,PINA_COLADAS,14913.0,104.0,,,,,14916.0,104.0,,,,,14914.5,15105.5
2811,-1.0,70200.0,PINA_COLADAS,14909.0,80.0,,,,,14912.0,80.0,,,,,14910.5,15737.75
2813,-1.0,70300.0,PINA_COLADAS,14906.0,83.0,,,,,14909.0,83.0,,,,,14907.5,16366.75
2817,-1.0,70400.0,PINA_COLADAS,14906.0,96.0,,,,,14909.0,96.0,,,,,14907.5,16328.25
2821,-1.0,70500.0,PINA_COLADAS,14908.0,87.0,,,,,14911.0,87.0,,,,,14909.5,15975.75
2827,-1.0,70600.0,PINA_COLADAS,14908.0,95.0,,,,,14911.0,95.0,,,,,14909.5,16004.25
2829,-1.0,70700.0,PINA_COLADAS,14906.0,108.0,,,,,14909.0,108.0,,,,,14907.5,16300.25
2833,-1.0,70800.0,PINA_COLADAS,14906.0,95.0,,,,,14909.0,95.0,,,,,14907.5,16284.0
2837,-1.0,70900.0,PINA_COLADAS,14907.0,88.0,,,,,14908.0,24.0,14910.0,23.0,14911.0,65.0,14907.5,16079.5
2843,-1.0,71000.0,PINA_COLADAS,14908.0,33.0,14907.0,61.0,,,14910.0,33.0,14911.0,61.0,,,14909.0,16045.75
2845,-1.0,71100.0,PINA_COLADAS,14904.0,101.0,,,,,14907.0,101.0,,,,,14905.5,16698.25
2848,-1.0,71200.0,PINA_COLADAS,14908.0,36.0,14907.0,75.0,,,14910.0,36.0,14911.0,75.0,,,14909.0,16039.25
2854,-1.0,71300.0,PINA_COLADAS,14906.0,27.0,14905.0,60.0,,,14907.0,37.0,14909.0,87.0,,,14906.5,16369.25
2858,-1.0,71400.0,PINA_COLADAS,14907.0,91.0,,,,,14910.0,91.0,,,,,14908.5,16123.0
2861,-1.0,71500.0,PINA_COLADAS,14907.0,105.0,,,,,14910.0,105.0,,,,,14908.5,16114.0
2864,-1.0,71600.0,PINA_COLADAS,14908.0,38.0,14907.0,64.0,,,14910.0,38.0,14911.0,64.0,,,14909.0,16054.0
2869,-1.0,71700.0,PINA_COLADAS,14910.0,22.0,14909.0,73.0,,,14912.0,22.0,14913.0,73.0,,,14911.0,15710.25
2874,-1.0,71800.0,PINA_COLADAS,14911.0,28.0,14910.0,65.0,,,14913.0,28.0,14914.0,65.0,,,14912.0,15524.0
2877,-1.0,71900.0,PINA_COLADAS,14909.0,95.0,,,,,14912.0,95.0,,,,,14910.5,15742.75
2880,-1.0,72000.0,PINA_COLADAS,14910.0,77.0,,,,,14913.0,77.0,,,,,14911.5,15639.0
2886,-1.0,72100.0,PINA_COLADAS,14907.0,99.0,,,,,14910.0,29.0,14911.0,70.0,,,14908.5,16081.0
2890,-1.0,72200.0,PINA_COLADAS,14904.0,96.0,,,,,14907.0,38.0,14908.0,58.0,,,14905.5,16597.25
2895,-1.0,72300.0,PINA_COLADAS,14904.0,82.0,,,,,14907.0,82.0,,,,,14905.5,16653.5
2896,-1.0,72400.0,PINA_COLADAS,14900.0,109.0,,,,,14903.0,109.0,,,,,14901.5,17324.0
2902,-1.0,72500.0,PINA_COLADAS,14901.0,91.0,,,,,14904.0,91.0,,,,,14902.5,17139.0
2906,-1.0,72600.0,PINA_COLADAS,14900.0,97.0,,,,,14903.0,97.0,,,,,14901.5,17320.0
2910,-1.0,72700.0,PINA_COLADAS,14902.0,86.0,,,,,14905.0,86.0,,,,,14903.5,16989.75
2912,-1.0,72800.0,PINA_COLADAS,14902.0,86.0,,,,,14905.0,86.0,,,,,14903.5,17016.75
2918,-1.0,72900.0,PINA_COLADAS,14903.0,81.0,,,,,14906.0,81.0,,,,,14904.5,16888.25
2922,-1.0,73000.0,PINA_COLADAS,14901.0,92.0,,,,,14904.0,92.0,,,,,14902.5,17139.75
2926,-1.0,73100.0,PINA_COLADAS,14902.0,79.0,,,,,14905.0,79.0,,,,,14903.5,17010.25
2928,-1.0,73200.0,PINA_COLADAS,14900.0,91.0,,,,,14903.0,91.0,,,,,14901.5,17340.0
2934,-1.0,73300.0,PINA_COLADAS,14900.0,87.0,,,,,14903.0,87.0,,,,,14901.5,17323.5
2938,-1.0,73400.0,PINA_COLADAS,14899.0,96.0,,,,,14902.0,22.0,14903.0,74.0,,,14900.5,17478.75
2942,-1.0,73500.0,PINA_COLADAS,14903.0,25.0,14902.0,88.0,,,14905.0,88.0,,,,,14904.0,17045.5
2944,-1.0,73600.0,PINA_COLADAS,14904.0,103.0,,,,,14907.0,103.0,,,,,14905.5,16627.25
2949,-1.0,73700.0,PINA_COLADAS,14901.0,100.0,,,,,14904.0,100.0,,,,,14902.5,17241.75
2954,-1.0,73800.0,PINA_COLADAS,14902.0,88.0,,,,,14905.0,88.0,,,,,14903.5,17027.0
2957,-1.0,73900.0,PINA_COLADAS,14903.0,93.0,,,,,14906.0,93.0,,,,,14904.5,16848.75
2960,-1.0,74000.0,PINA_COLADAS,14903.0,98.0,,,,,14906.0,98.0,,,,,14904.5,16828.5
2965,-1.0,74100.0,PINA_COLADAS,14903.0,34.0,14902.0,67.0,,,14905.0,34.0,14906.0,67.0,,,14904.0,16915.75
2970,-1.0,74200.0,PINA_COLADAS,14903.0,29.0,14902.0,61.0,,,14905.0,29.0,14906.0,61.0,,,14904.0,16933.25
2973,-1.0,74300.0,PINA_COLADAS,14903.0,27.0,14902.0,53.0,,,14905.0,27.0,14906.0,53.0,,,14904.0,16930.0
2976,-1.0,74400.0,PINA_COLADAS,14902.0,87.0,,,,,14905.0,21.0,14906.0,66.0,,,14903.5,16948.0
2983,-1.0,74500.0,PINA_COLADAS,14906.0,83.0,,,,,14909.0,83.0,,,,,14907.5,16320.0
2987,-1.0,74600.0,PINA_COLADAS,14912.0,22.0,14911.0,70.0,,,14914.0,22.0,14915.0,70.0,,,14913.0,15337.75
2991,-1.0,74700.0,PINA_COLADAS,14912.0,39.0,14911.0,58.0,,,14913.0,24.0,14915.0,97.0,,,14912.5,15331.5
2993,-1.0,74800.0,PINA_COLADAS,14907.0,24.0,14906.0,86.0,,,14909.0,86.0,,,,,14908.0,16290.25
2999,-1.0,74900.0,PINA_COLADAS,14910.0,26.0,14909.0,73.0,,,14913.0,99.0,,,,,14911.5,15672.75
3003,-1.0,75000.0,PINA_COLADAS,14913.0,35.0,14912.0,56.0,,,14916.0,91.0,,,,,14914.5,15133.25
3007,-1.0,75100.0,PINA_COLADAS,14916.0,82.0,,,,,14919.0,82.0,,,,,14917.5,14554.5
3009,-1.0,75200.0,PINA_COLADAS,14915.0,91.0,,,,,14918.0,91.0,,,,,14916.5,14677.75
3015,-1.0,75300.0,PINA_COLADAS,14919.0,20.0,14918.0,65.0,,,14921.0,20.0,14922.0,65.0,,,14920.0,14098.75
3019,-1.0,75400.0,PINA_COLADAS,14914.0,104.0,,,,,14915.0,24.0,14917.0,32.0,14918.0,72.0,14914.5,14831.75
3023,-1.0,75500.0,PINA_COLADAS,14914.0,102.0,,,,,14917.0,102.0,,,,,14915.5,14849.25
3026,-1.0,75600.0,PINA_COLADAS,14917.0,30.0,14916.0,73.0,,,14920.0,103.0,,,,,14918.5,14432.25
3031,-1.0,75700.0,PINA_COLADAS,14917.0,79.0,,,,,14920.0,79.0,,,,,14918.5,14351.5
3032,-1.0,75800.0,PINA_COLADAS,14916.0,96.0,,,,,14919.0,96.0,,,,,14917.5,14589.5
3036,-1.0,75900.0,PINA_COLADAS,14915.0,81.0,,,,,14918.0,81.0,,,,,14916.5,14776.5
3041,-1.0,76000.0,PINA_COLADAS,14915.0,99.0,,,,,14918.0,99.0,,,,,14916.5,14728.5
3047,-1.0,76100.0,PINA_COLADAS,14914.0,85.0,,,,,14915.0,38.0,14917.0,20.0,14918.0,65.0,14914.5,14841.5
3048,-1.0,76200.0,PINA_COLADAS,14908.0,90.0,,,,,14911.0,90.0,,,,,14909.5,15908.5
3052,-1.0,76300.0,PINA_COLADAS,14909.0,21.0,14908.0,54.0,,,14911.0,21.0,14912.0,54.0,,,14910.0,15888.75
3058,-1.0,76400.0,PINA_COLADAS,14910.0,94.0,,,,,14913.0,94.0,,,,,14911.5,15574.5
3062,-1.0,76500.0,PINA_COLADAS,14912.0,5.0,14910.0,72.0,,,14913.0,72.0,,,,,14912.5,15586.5
3064,-1.0,76600.0,PINA_COLADAS,14910.0,70.0,,,,,14913.0,70.0,,,,,14911.5,15649.0
3068,-1.0,76700.0,PINA_COLADAS,14913.0,94.0,,,,,14916.0,94.0,,,,,14914.5,15024.25
3075,-1.0,76800.0,PINA_COLADAS,14915.0,85.0,,,,,14918.0,85.0,,,,,14916.5,14755.75
3078,-1.0,76900.0,PINA_COLADAS,14911.0,88.0,,,,,14914.0,88.0,,,,,14912.5,15482.25
3080,-1.0,77000.0,PINA_COLADAS,14912.0,85.0,,,,,14915.0,85.0,,,,,14913.5,15282.75
3084,-1.0,77100.0,PINA_COLADAS,14911.0,30.0,14910.0,74.0,,,14913.0,30.0,14914.0,74.0,,,14912.0,15512.75
3090,-1.0,77200.0,PINA_COLADAS,14909.0,96.0,,,,,14912.0,96.0,,,,,14910.5,15829.5
3094,-1.0,77300.0,PINA_COLADAS,14905.0,23.0,14904.0,70.0,,,14907.0,23.0,14908.0,70.0,,,14906.0,16586.75
3096,-1.0,77400.0,PINA_COLADAS,14905.0,102.0,,,,,14908.0,102.0,,,,,14906.5,16533.5
3100,-1.0,77500.0,PINA_COLADAS,14903.0,81.0,,,,,14906.0,81.0,,,,,14904.5,16816.75
3106,-1.0,77600.0,PINA_COLADAS,14900.0,105.0,,,,,14901.0,22.0,14903.0,105.0,,,14900.5,17338.75
3110,-1.0,77700.0,PINA_COLADAS,14900.0,32.0,14899.0,52.0,,,14902.0,32.0,14903.0,52.0,,,14901.0,17459.75
3112,-1.0,77800.0,PINA_COLADAS,14901.0,78.0,,,,,14904.0,21.0,14905.0,57.0,,,14902.5,17136.0
3116,-1.0,77900.0,PINA_COLADAS,14900.0,22.0,14899.0,54.0,,,14902.0,22.0,14903.0,54.0,,,14901.0,17462.75
3121,-1.0,78000.0,PINA_COLADAS,14898.0,102.0,,,,,14901.0,102.0,,,,,14899.5,17770.75
3125,-1.0,78100.0,PINA_COLADAS,14898.0,24.0,14897.0,65.0,,,14900.0,24.0,14901.0,65.0,,,14899.0,17840.5
3128,-1.0,78200.0,PINA_COLADAS,14898.0,25.0,14897.0,53.0,,,14900.0,25.0,14901.0,53.0,,,14899.0,17821.25
3132,-1.0,78300.0,PINA_COLADAS,14901.0,89.0,,,,,14904.0,89.0,,,,,14902.5,17191.25
3137,-1.0,78400.0,PINA_COLADAS,14902.0,93.0,,,,,14905.0,93.0,,,,,14903.5,16963.25
3141,-1.0,78500.0,PINA_COLADAS,14904.0,96.0,,,,,14905.0,31.0,14907.0,96.0,,,14904.5,16616.0
3144,-1.0,78600.0,PINA_COLADAS,14901.0,91.0,,,,,14904.0,91.0,,,,,14902.5,17151.5
3148,-1.0,78700.0,PINA_COLADAS,14901.0,35.0,14900.0,56.0,,,14903.0,35.0,14904.0,56.0,,,14902.0,17302.5
3153,-1.0,78800.0,PINA_COLADAS,14901.0,34.0,14900.0,54.0,,,14904.0,88.0,,,,,14902.5,17264.25
3157,-1.0,78900.0,PINA_COLADAS,14903.0,99.0,,,,,14906.0,99.0,,,,,14904.5,16795.75
3162,-1.0,79000.0,PINA_COLADAS,14902.0,113.0,,,,,14905.0,113.0,,,,,14903.5,17065.25
3165,-1.0,79100.0,PINA_COLADAS,14904.0,26.0,14903.0,90.0,,,14906.0,90.0,,,,,14905.0,16816.5
3171,-1.0,79200.0,PINA_COLADAS,14906.0,20.0,14905.0,53.0,,,14908.0,20.0,14909.0,53.0,,,14907.0,16372.75
3173,-1.0,79300.0,PINA_COLADAS,14905.0,38.0,14904.0,67.0,,,14907.0,38.0,14908.0,67.0,,,14906.0,16574.25
3177,-1.0,79400.0,PINA_COLADAS,14905.0,100.0,,,,,14908.0,100.0,,,,,14906.5,16459.75
3181,-1.0,79500.0,PINA_COLADAS,14902.0,91.0,,,,,14905.0,91.0,,,,,14903.5,17001.0
3187,-1.0,79600.0,PINA_COLADAS,14901.0,98.0,,,,,14904.0,98.0,,,,,14902.5,17143.75
3189,-1.0,79700.0,PINA_COLADAS,14900.0,33.0,14899.0,60.0,,,14902.0,33.0,14903.0,60.0,,,14901.0,17473.25
3193,-1.0,79800.0,PINA_COLADAS,14896.0,112.0,,,,,14899.0,112.0,,,,,14897.5,18056.0
3197,-1.0,79900.0,PINA_COLADAS,14898.0,90.0,,,,,14901.0,24.0,14902.0,66.0,,,14899.5,17678.5
3203,-1.0,80000.0,PINA_COLADAS,14900.0,94.0,,,,,14903.0,94.0,,,,,14901.5,17392.0
3206,-1.0,80100.0,PINA_COLADAS,14899.0,37.0,14898.0,70.0,,,14901.0,37.0,14902.0,70.0,,,14900.0,17642.25
3208,-1.0,80200.0,PINA_COLADAS,14894.0,75.0,,,,,14897.0,75.0,,,,,14895.5,18501.0
3213,-1.0,80300.0,PINA_COLADAS,14897.0,94.0,,,,,14900.0,94.0,,,,,14898.5,17930.5
3218,-1.0,80400.0,PINA_COLADAS,14894.0,92.0,,,,,14897.0,92.0,,,,,14895.5,18416.75
3221,-1.0,80500.0,PINA_COLADAS,14895.0,90.0,,,,,14898.0,90.0,,,,,14896.5,18231.0
3224,-1.0,80600.0,PINA_COLADAS,14896.0,104.0,,,,,14899.0,37.0,14900.0,67.0,,,14897.5,18038.5
3229,-1.0,80700.0,PINA_COLADAS,14897.0,91.0,,,,,14900.0,91.0,,,,,14898.5,17935.25
3234,-1.0,80800.0,PINA_COLADAS,14897.0,36.0,14896.0,54.0,,,14899.0,36.0,14900.0,54.0,,,14898.0,18019.25
3238,-1.0,80900.0,PINA_COLADAS,14899.0,81.0,,,,,14902.0,81.0,,,,,14900.5,17517.25
3240,-1.0,81000.0,PINA_COLADAS,14900.0,88.0,,,,,14903.0,88.0,,,,,14901.5,17349.0
3246,-1.0,81100.0,PINA_COLADAS,14902.0,97.0,,,,,14905.0,97.0,,,,,14903.5,17003.75
3250,-1.0,81200.0,PINA_COLADAS,14903.0,26.0,14902.0,74.0,,,14905.0,26.0,14906.0,74.0,,,14904.0,16939.75
3255,-1.0,81300.0,PINA_COLADAS,14899.0,21.0,14898.0,54.0,,,14902.0,75.0,,,,,14900.5,17620.75
3256,-1.0,81400.0,PINA_COLADAS,14899.0,37.0,14898.0,75.0,,,14901.0,37.0,14902.0,75.0,,,14900.0,17656.75
3262,-1.0,81500.0,PINA_COLADAS,14901.0,81.0,,,,,14904.0,81.0,,,,,14902.5,17174.25
3266,-1.0,81600.0,PINA_COLADAS,14902.0,93.0,,,,,14903.0,25.0,14905.0,93.0,,,14902.5,17057.25
3270,-1.0,81700.0,PINA_COLADAS,14901.0,84.0,,,,,14904.0,84.0,,,,,14902.5,17200.0
3272,-1.0,81800.0,PINA_COLADAS,14900.0,104.0,,,,,14903.0,104.0,,,,,14901.5,17420.0
3278,-1.0,81900.0,PINA_COLADAS,14901.0,32.0,14900.0,53.0,,,14904.0,85.0,,,,,14902.5,17262.75
3282,-1.0,82000.0,PINA_COLADAS,14902.0,99.0,,,,,14905.0,99.0,,,,,14903.5,17013.0
3286,-1.0,82100.0,PINA_COLADAS,14902.0,82.0,,,,,14905.0,82.0,,,,,14903.5,17027.5
3288,-1.0,82200.0,PINA_COLADAS,14905.0,82.0,,,,,14908.0,82.0,,,,,14906.5,16428.25
3295,-1.0,82300.0,PINA_COLADAS,14905.0,89.0,,,,,14908.0,89.0,,,,,14906.5,16507.25
3298,-1.0,82400.0,PINA_COLADAS,14908.0,89.0,,,,,14911.0,89.0,,,,,14909.5,15877.0
3301,-1.0,82500.0,PINA_COLADAS,14908.0,104.0,,,,,14911.0,104.0,,,,,14909.5,15951.25
3304,-1.0,82600.0,PINA_COLADAS,14911.0,95.0,,,,,14914.0,95.0,,,,,14912.5,15417.0
3309,-1.0,82700.0,PINA_COLADAS,14915.0,24.0,14914.0,56.0,,,14918.0,80.0,,,,,14916.5,14695.25
3314,-1.0,82800.0,PINA_COLADAS,14915.0,84.0,,,,,14918.0,84.0,,,,,14916.5,14629.25
3317,-1.0,82900.0,PINA_COLADAS,14915.0,21.0,14914.0,65.0,,,14917.0,21.0,14918.0,65.0,,,14916.0,14722.25
3320,-1.0,83000.0,PINA_COLADAS,14915.0,20.0,14914.0,71.0,,,14918.0,91.0,,,,,14916.5,14702.25
3325,-1.0,83100.0,PINA_COLADAS,14913.0,91.0,,,,,14916.0,91.0,,,,,14914.5,14970.5
3330,-1.0,83200.0,PINA_COLADAS,14911.0,97.0,,,,,14914.0,97.0,,,,,14912.5,15417.0
3333,-1.0,83300.0,PINA_COLADAS,14914.0,104.0,,,,,14917.0,31.0,14918.0,73.0,,,14915.5,14749.5
3337,-1.0,83400.0,PINA_COLADAS,14918.0,37.0,14917.0,66.0,,,14921.0,103.0,,,,,14919.5,14136.5
3343,-1.0,83500.0,PINA_COLADAS,14921.0,76.0,,,,,14924.0,76.0,,,,,14922.5,13557.25
3347,-1.0,83600.0,PINA_COLADAS,14921.0,24.0,14920.0,74.0,,,14923.0,24.0,14924.0,74.0,,,14922.0,13615.0
3351,-1.0,83700.0,PINA_COLADAS,14921.0,27.0,14920.0,72.0,,,14922.0,29.0,14923.0,27.0,14924.0,72.0,14921.5,13606.25
3353,-1.0,83800.0,PINA_COLADAS,14918.0,90.0,,,,,14921.0,90.0,,,,,14919.5,14031.25
3359,-1.0,83900.0,PINA_COLADAS,14915.0,88.0,,,,,14918.0,88.0,,,,,14916.5,14656.25
3363,-1.0,84000.0,PINA_COLADAS,14913.0,89.0,,,,,14916.0,89.0,,,,,14914.5,14963.75
3367,-1.0,84100.0,PINA_COLADAS,14909.0,84.0,,,,,14912.0,84.0,,,,,14910.5,15717.0
3369,-1.0,84200.0,PINA_COLADAS,14912.0,32.0,14911.0,58.0,,,14914.0,32.0,14915.0,58.0,,,14913.0,15276.75
3375,-1.0,84300.0,PINA_COLADAS,14910.0,89.0,,,,,14913.0,89.0,,,,,14911.5,15523.25
3379,-1.0,84400.0,PINA_COLADAS,14911.0,28.0,14910.0,52.0,,,14914.0,80.0,,,,,14912.5,15442.25
3380,-1.0,84500.0,PINA_COLADAS,14913.0,96.0,,,,,14916.0,96.0,,,,,14914.5,14969.75
3386,-1.0,84600.0,PINA_COLADAS,14915.0,94.0,,,,,14918.0,94.0,,,,,14916.5,14596.75
3391,-1.0,84700.0,PINA_COLADAS,14916.0,94.0,,,,,14919.0,39.0,14920.0,55.0,,,14917.5,14391.75
3392,-1.0,84800.0,PINA_COLADAS,14914.0,86.0,,,,,14917.0,86.0,,,,,14915.5,14847.0
3396,-1.0,84900.0,PINA_COLADAS,14914.0,92.0,,,,,14917.0,32.0,14918.0,60.0,,,14915.5,14750.0
3401,-1.0,85000.0,PINA_COLADAS,14914.0,91.0,,,,,14917.0,91.0,,,,,14915.5,14806.25
3407,-1.0,85100.0,PINA_COLADAS,14919.0,90.0,,,,,14922.0,90.0,,,,,14920.5,13902.75
3408,-1.0,85200.0,PINA_COLADAS,14919.0,96.0,,,,,14922.0,96.0,,,,,14920.5,13876.5
3412,-1.0,85300.0,PINA_COLADAS,14917.0,22.0,14916.0,74.0,,,14919.0,22.0,14920.0,74.0,,,14918.0,14340.0
3418,-1.0,85400.0,PINA_COLADAS,14918.0,93.0,,,,,14921.0,93.0,,,,,14919.5,14135.75
3422,-1.0,85500.0,PINA_COLADAS,14916.0,90.0,,,,,14919.0,90.0,,,,,14917.5,14500.75
3425,-1.0,85600.0,PINA_COLADAS,14918.0,26.0,14917.0,71.0,,,14920.0,26.0,14921.0,71.0,,,14919.0,14189.25
3428,-1.0,85700.0,PINA_COLADAS,14917.0,101.0,,,,,14920.0,101.0,,,,,14918.5,14225.0
3434,-1.0,85800.0,PINA_COLADAS,14919.0,81.0,,,,,14922.0,81.0,,,,,14920.5,13858.0
3438,-1.0,85900.0,PINA_COLADAS,14916.0,98.0,,,,,14919.0,98.0,,,,,14917.5,14404.5
3440,-1.0,86000.0,PINA_COLADAS,14916.0,21.0,14915.0,55.0,,,14918.0,21.0,14919.0,55.0,,,14917.0,14565.5
3444,-1.0,86100.0,PINA_COLADAS,14913.0,26.0,14912.0,92.0,,,14915.0,92.0,,,,,14914.0,15155.0
3450,-1.0,86200.0,PINA_COLADAS,14913.0,34.0,14912.0,50.0,,,14914.0,33.0,14915.0,34.0,14916.0,50.0,14913.5,15095.25
3454,-1.0,86300.0,PINA_COLADAS,14908.0,39.0,14907.0,64.0,,,14910.0,39.0,14911.0,64.0,,,14909.0,16063.5
3456,-1.0,86400.0,PINA_COLADAS,14906.0,97.0,,,,,14909.0,97.0,,,,,14907.5,16350.5
3460,-1.0,86500.0,PINA_COLADAS,14907.0,91.0,,,,,14910.0,91.0,,,,,14908.5,16174.75
3466,-1.0,86600.0,PINA_COLADAS,14907.0,22.0,14906.0,74.0,,,14909.0,22.0,14910.0,74.0,,,14908.0,16231.0
3470,-1.0,86700.0,PINA_COLADAS,14905.0,94.0,,,,,14908.0,94.0,,,,,14906.5,16488.5
3473,-1.0,86800.0,PINA_COLADAS,14903.0,40.0,14902.0,74.0,,,14905.0,40.0,14906.0,74.0,,,14904.0,17003.75
3476,-1.0,86900.0,PINA_COLADAS,14901.0,82.0,,,,,14904.0,82.0,,,,,14902.5,17295.0
3481,-1.0,87000.0,PINA_COLADAS,14901.0,77.0,,,,,14902.0,38.0,14904.0,77.0,,,14901.5,17242.75
3485,-1.0,87100.0,PINA_COLADAS,14904.0,87.0,,,,,14907.0,87.0,,,,,14905.5,16764.5
3488,-1.0,87200.0,PINA_COLADAS,14909.0,95.0,,,,,14912.0,95.0,,,,,14910.5,15726.75
3492,-1.0,87300.0,PINA_COLADAS,14908.0,21.0,14907.0,52.0,,,14911.0,73.0,,,,,14909.5,16024.0
3497,-1.0,87400.0,PINA_COLADAS,14911.0,40.0,14910.0,55.0,,,14913.0,40.0,14914.0,55.0,,,14912.0,15507.0
3501,-1.0,87500.0,PINA_COLADAS,14912.0,97.0,,,,,14915.0,97.0,,,,,14913.5,15225.75
3504,-1.0,87600.0,PINA_COLADAS,14914.0,83.0,,,,,14917.0,83.0,,,,,14915.5,14816.25
3508,-1.0,87700.0,PINA_COLADAS,14914.0,84.0,,,,,14917.0,30.0,14918.0,54.0,,,14915.5,14762.5
3513,-1.0,87800.0,PINA_COLADAS,14914.0,39.0,14913.0,60.0,,,14916.0,39.0,14917.0,60.0,,,14915.0,14906.75
3518,-1.0,87900.0,PINA_COLADAS,14915.0,90.0,,,,,14918.0,90.0,,,,,14916.5,14649.75
3521,-1.0,88000.0,PINA_COLADAS,14913.0,72.0,,,,,14916.0,72.0,,,,,14914.5,14988.25
3525,-1.0,88100.0,PINA_COLADAS,14912.0,22.0,14911.0,52.0,,,14914.0,22.0,14915.0,52.0,,,14913.0,15289.25
3531,-1.0,88200.0,PINA_COLADAS,14909.0,104.0,,,,,14912.0,104.0,,,,,14910.5,15718.5
3533,-1.0,88300.0,PINA_COLADAS,14911.0,24.0,14910.0,64.0,,,14913.0,24.0,14914.0,64.0,,,14912.0,15471.5
3537,-1.0,88400.0,PINA_COLADAS,14914.0,85.0,,,,,14917.0,24.0,14918.0,61.0,,,14915.5,14763.75
3541,-1.0,88500.0,PINA_COLADAS,14912.0,107.0,,,,,14915.0,107.0,,,,,14913.5,15212.75
3547,-1.0,88600.0,PINA_COLADAS,14913.0,83.0,,,,,14916.0,83.0,,,,,14914.5,15026.0
3549,-1.0,88700.0,PINA_COLADAS,14913.0,86.0,,,,,14916.0,86.0,,,,,14914.5,15061.0
3553,-1.0,88800.0,PINA_COLADAS,14914.0,24.0,14913.0,104.0,,,14916.0,104.0,,,,,14915.0,15026.0
3557,-1.0,88900.0,PINA_COLADAS,14910.0,78.0,,,,,14913.0,78.0,,,,,14911.5,15591.5
3562,-1.0,89000.0,PINA_COLADAS,14903.0,84.0,,,,,14906.0,25.0,14907.0,59.0,,,14904.5,16836.0
3565,-1.0,89100.0,PINA_COLADAS,14899.0,26.0,14898.0,53.0,,,14901.0,26.0,14902.0,53.0,,,14900.0,17743.75
3568,-1.0,89200.0,PINA_COLADAS,14900.0,111.0,,,,,14903.0,111.0,,,,,14901.5,17505.0
3573,-1.0,89300.0,PINA_COLADAS,14898.0,81.0,,,,,14901.0,81.0,,,,,14899.5,17864.0
3578,-1.0,89400.0,PINA_COLADAS,14900.0,85.0,,,,,14903.0,85.0,,,,,14901.5,17393.5
3581,-1.0,89500.0,PINA_COLADAS,14902.0,111.0,,,,,14905.0,111.0,,,,,14903.5,17097.25
3584,-1.0,89600.0,PINA_COLADAS,14903.0,63.0,14902.0,50.0,,,14905.0,37.0,14906.0,50.0,,,14904.0,16978.0
3589,-1.0,89700.0,PINA_COLADAS,14904.0,26.0,14903.0,50.0,,,14907.0,76.0,,,,,14905.5,16746.75
3594,-1.0,89800.0,PINA_COLADAS,14904.0,87.0,,,,,14907.0,87.0,,,,,14905.5,16646.5
3598,-1.0,89900.0,PINA_COLADAS,14907.0,79.0,,,,,14910.0,79.0,,,,,14908.5,16135.0
3600,-1.0,90000.0,PINA_COLADAS,14908.0,101.0,,,,,14911.0,101.0,,,,,14909.5,15865.25
3607,-1.0,90100.0,PINA_COLADAS,14911.0,28.0,14910.0,50.0,,,14914.0,78.0,,,,,14912.5,15415.5
3610,-1.0,90200.0,PINA_COLADAS,14907.0,94.0,,,,,14910.0,94.0,,,,,14908.5,16089.75
3614,-1.0,90300.0,PINA_COLADAS,14904.0,24.0,14903.0,50.0,,,14907.0,74.0,,,,,14905.5,16752.0
3616,-1.0,90400.0,PINA_COLADAS,14906.0,101.0,,,,,14909.0,101.0,,,,,14907.5,16304.5
3622,-1.0,90500.0,PINA_COLADAS,14902.0,81.0,,,,,14905.0,81.0,,,,,14903.5,17022.75
3626,-1.0,90600.0,PINA_COLADAS,14903.0,79.0,,,,,14906.0,79.0,,,,,14904.5,16838.75
3630,-1.0,90700.0,PINA_COLADAS,14903.0,27.0,14902.0,59.0,,,14905.0,27.0,14906.0,59.0,,,14904.0,16970.75
3632,-1.0,90800.0,PINA_COLADAS,14904.0,27.0,14903.0,63.0,,,14906.0,27.0,14907.0,63.0,,,14905.0,16788.5
3638,-1.0,90900.0,PINA_COLADAS,14901.0,22.0,14900.0,61.0,,,14904.0,83.0,,,,,14902.5,17319.75
3642,-1.0,91000.0,PINA_COLADAS,14900.0,78.0,,,,,14903.0,78.0,,,,,14901.5,17401.25
3646,-1.0,91100.0,PINA_COLADAS,14899.0,110.0,,,,,14902.0,110.0,,,,,14900.5,17639.5
3648,-1.0,91200.0,PINA_COLADAS,14899.0,102.0,,,,,14902.0,102.0,,,,,14900.5,17646.0
3654,-1.0,91300.0,PINA_COLADAS,14899.0,96.0,,,,,14902.0,96.0,,,,,14900.5,17589.0
3658,-1.0,91400.0,PINA_COLADAS,14896.0,107.0,,,,,14899.0,107.0,,,,,14897.5,18166.0
3661,-1.0,91500.0,PINA_COLADAS,14900.0,33.0,14899.0,64.0,,,14902.0,33.0,14903.0,64.0,,,14901.0,17564.5
3664,-1.0,91600.0,PINA_COLADAS,14900.0,33.0,14899.0,65.0,,,14902.0,33.0,14903.0,65.0,,,14901.0,17545.5
3669,-1.0,91700.0,PINA_COLADAS,14898.0,102.0,,,,,14901.0,102.0,,,,,14899.5,17819.25
3674,-1.0,91800.0,PINA_COLADAS,14903.0,36.0,14902.0,54.0,,,14906.0,90.0,,,,,14904.5,16942.25
3677,-1.0,91900.0,PINA_COLADAS,14905.0,80.0,,,,,14908.0,80.0,,,,,14906.5,16552.75
3680,-1.0,92000.0,PINA_COLADAS,14903.0,84.0,,,,,14906.0,84.0,,,,,14904.5,16934.75
3685,-1.0,92100.0,PINA_COLADAS,14902.0,87.0,,,,,14905.0,87.0,,,,,14903.5,17105.25
3690,-1.0,92200.0,PINA_COLADAS,14899.0,115.0,,,,,14902.0,115.0,,,,,14900.5,17598.5
3695,-1.0,92300.0,PINA_COLADAS,14898.0,20.0,14897.0,51.0,,,14900.0,20.0,14901.0,51.0,,,14899.0,17913.5
3697,-1.0,92400.0,PINA_COLADAS,14898.0,98.0,,,,,14901.0,98.0,,,,,14899.5,17809.25
3703,-1.0,92500.0,PINA_COLADAS,14900.0,84.0,,,,,14903.0,84.0,,,,,14901.5,17451.75
3707,-1.0,92600.0,PINA_COLADAS,14902.0,108.0,,,,,14905.0,108.0,,,,,14903.5,17099.5
3711,-1.0,92700.0,PINA_COLADAS,14901.0,91.0,,,,,14904.0,91.0,,,,,14902.5,17314.5
3713,-1.0,92800.0,PINA_COLADAS,14905.0,26.0,14904.0,67.0,,,14908.0,93.0,,,,,14906.5,16558.25
3719,-1.0,92900.0,PINA_COLADAS,14905.0,86.0,,,,,14908.0,86.0,,,,,14906.5,16444.75
3723,-1.0,93000.0,PINA_COLADAS,14908.0,99.0,,,,,14911.0,99.0,,,,,14909.5,15914.5
3727,-1.0,93100.0,PINA_COLADAS,14909.0,35.0,14908.0,35.0,14907.0,67.0,14911.0,102.0,,,,,14910.0,15990.75
3729,-1.0,93200.0,PINA_COLADAS,14908.0,24.0,14907.0,88.0,,,14910.0,88.0,,,,,14909.0,16096.0
3735,-1.0,93300.0,PINA_COLADAS,14908.0,73.0,,,,,14911.0,73.0,,,,,14909.5,15869.25
3737,-1.0,93400.0,PINA_COLADAS,14907.0,88.0,,,,,14910.0,88.0,,,,,14908.5,16098.0
3740,-1.0,93500.0,PINA_COLADAS,14908.0,80.0,,,,,14911.0,80.0,,,,,14909.5,15896.0
3745,-1.0,93600.0,PINA_COLADAS,14905.0,108.0,,,,,14908.0,108.0,,,,,14906.5,16473.75
3751,-1.0,93700.0,PINA_COLADAS,14906.0,86.0,,,,,14909.0,86.0,,,,,14907.5,16350.75
3752,-1.0,93800.0,PINA_COLADAS,14908.0,104.0,,,,,14911.0,104.0,,,,,14909.5,15875.75
3756,-1.0,93900.0,PINA_COLADAS,14907.0,104.0,,,,,14910.0,35.0,14911.0,69.0,,,14908.5,16052.25
3761,-1.0,94000.0,PINA_COLADAS,14905.0,21.0,14904.0,58.0,,,14907.0,21.0,14908.0,58.0,,,14906.0,16580.5
3767,-1.0,94100.0,PINA_COLADAS,14903.0,96.0,,,,,14906.0,96.0,,,,,14904.5,16877.0
3768,-1.0,94200.0,PINA_COLADAS,14905.0,92.0,,,,,14908.0,92.0,,,,,14906.5,16549.25
3772,-1.0,94300.0,PINA_COLADAS,14905.0,38.0,14904.0,64.0,,,14908.0,102.0,,,,,14906.5,16571.5
3778,-1.0,94400.0,PINA_COLADAS,14906.0,22.0,14905.0,61.0,,,14909.0,83.0,,,,,14907.5,16380.25
3782,-1.0,94500.0,PINA_COLADAS,14906.0,90.0,,,,,14909.0,90.0,,,,,14907.5,16330.75
3785,-1.0,94600.0,PINA_COLADAS,14907.0,23.0,14906.0,66.0,,,14909.0,23.0,14910.0,66.0,,,14908.0,16198.5
3788,-1.0,94700.0,PINA_COLADAS,14907.0,85.0,,,,,14910.0,85.0,,,,,14908.5,16066.5
3794,-1.0,94800.0,PINA_COLADAS,14910.0,38.0,14909.0,85.0,,,14912.0,85.0,,,,,14911.0,15717.5
3798,-1.0,94900.0,PINA_COLADAS,14907.0,31.0,14906.0,60.0,,,14910.0,91.0,,,,,14908.5,16184.75
3800,-1.0,95000.0,PINA_COLADAS,14910.0,87.0,,,,,14913.0,87.0,,,,,14911.5,15555.75
3804,-1.0,95100.0,PINA_COLADAS,14912.0,27.0,14911.0,59.0,,,14914.0,27.0,14915.0,59.0,,,14913.0,15271.75
3810,-1.0,95200.0,PINA_COLADAS,14909.0,24.0,14908.0,58.0,,,14911.0,24.0,14912.0,58.0,,,14910.0,15821.25
3814,-1.0,95300.0,PINA_COLADAS,14914.0,99.0,,,,,14917.0,40.0,14918.0,59.0,,,14915.5,14718.25
3816,-1.0,95400.0,PINA_COLADAS,14914.0,96.0,,,,,14917.0,96.0,,,,,14915.5,14771.25
3820,-1.0,95500.0,PINA_COLADAS,14910.0,25.0,14909.0,67.0,,,14911.0,30.0,14913.0,92.0,,,14910.5,15610.5
3827,-1.0,95600.0,PINA_COLADAS,14907.0,79.0,,,,,14910.0,79.0,,,,,14908.5,16148.5
3829,-1.0,95700.0,PINA_COLADAS,14908.0,99.0,,,,,14911.0,99.0,,,,,14909.5,15906.0
3832,-1.0,95800.0,PINA_COLADAS,14908.0,80.0,,,,,14909.0,32.0,14911.0,22.0,14912.0,58.0,14908.5,15857.75
3836,-1.0,95900.0,PINA_COLADAS,14907.0,89.0,,,,,14910.0,89.0,,,,,14908.5,16164.0
3841,-1.0,96000.0,PINA_COLADAS,14910.0,31.0,14909.0,55.0,,,14912.0,31.0,14913.0,55.0,,,14911.0,15618.25
3845,-1.0,96100.0,PINA_COLADAS,14911.0,89.0,,,,,14914.0,89.0,,,,,14912.5,15324.5
3848,-1.0,96200.0,PINA_COLADAS,14912.0,39.0,14911.0,59.0,,,14914.0,39.0,14915.0,59.0,,,14913.0,15262.5
3852,-1.0,96300.0,PINA_COLADAS,14912.0,89.0,,,,,14915.0,89.0,,,,,14913.5,15143.0
3857,-1.0,96400.0,PINA_COLADAS,14912.0,79.0,,,,,14915.0,79.0,,,,,14913.5,15206.25
3861,-1.0,96500.0,PINA_COLADAS,14915.0,27.0,14914.0,68.0,,,14917.0,27.0,14918.0,68.0,,,14916.0,14693.5
3864,-1.0,96600.0,PINA_COLADAS,14913.0,32.0,14912.0,75.0,,,14915.0,32.0,14916.0,75.0,,,14914.0,15070.0
3869,-1.0,96700.0,PINA_COLADAS,14912.0,89.0,,,,,14915.0,89.0,,,,,14913.5,15121.0
3875,-1.0,96800.0,PINA_COLADAS,14913.0,23.0,14912.0,57.0,,,14916.0,80.0,,,,,14914.5,15029.0
3877,-1.0,96900.0,PINA_COLADAS,14916.0,33.0,14915.0,101.0,,,14918.0,38.0,14919.0,63.0,,,14917.0,14525.25
3881,-1.0,97000.0,PINA_COLADAS,14913.0,105.0,,,,,14916.0,105.0,,,,,14914.5,14975.0
3885,-1.0,97100.0,PINA_COLADAS,14912.0,97.0,,,,,14915.0,97.0,,,,,14913.5,15215.25
3891,-1.0,97200.0,PINA_COLADAS,14912.0,99.0,,,,,14915.0,99.0,,,,,14913.5,15207.75
3893,-1.0,97300.0,PINA_COLADAS,14911.0,83.0,,,,,14914.0,83.0,,,,,14912.5,15397.75
3897,-1.0,97400.0,PINA_COLADAS,14914.0,25.0,14913.0,62.0,,,14915.0,31.0,14916.0,25.0,14917.0,62.0,14914.5,14860.25
3901,-1.0,97500.0,PINA_COLADAS,14914.0,20.0,14913.0,63.0,,,14916.0,20.0,14917.0,63.0,,,14915.0,14853.5
3907,-1.0,97600.0,PINA_COLADAS,14915.0,95.0,,,,,14918.0,95.0,,,,,14916.5,14534.0
3909,-1.0,97700.0,PINA_COLADAS,14915.0,101.0,,,,,14918.0,101.0,,,,,14916.5,14631.0
3913,-1.0,97800.0,PINA_COLADAS,14917.0,39.0,14916.0,29.0,14915.0,62.0,14918.0,29.0,14919.0,62.0,,,14917.5,14479.5
3918,-1.0,97900.0,PINA_COLADAS,14916.0,80.0,,,,,14919.0,80.0,,,,,14917.5,14344.5
3922,-1.0,98000.0,PINA_COLADAS,14915.0,22.0,14914.0,60.0,,,14918.0,82.0,,,,,14916.5,14650.0
3925,-1.0,98100.0,PINA_COLADAS,14914.0,77.0,,,,,14917.0,23.0,14918.0,54.0,,,14915.5,14712.25
3928,-1.0,98200.0,PINA_COLADAS,14913.0,24.0,14912.0,50.0,,,14915.0,24.0,14916.0,50.0,,,14914.0,15082.75
3933,-1.0,98300.0,PINA_COLADAS,14912.0,86.0,,,,,14915.0,34.0,14916.0,52.0,,,14913.5,15099.25
3938,-1.0,98400.0,PINA_COLADAS,14913.0,25.0,14912.0,84.0,,,14915.0,84.0,,,,,14914.0,15176.5
3941,-1.0,98500.0,PINA_COLADAS,14915.0,77.0,,,,,14918.0,77.0,,,,,14916.5,14557.25
3944,-1.0,98600.0,PINA_COLADAS,14919.0,89.0,,,,,14922.0,89.0,,,,,14920.5,13828.25
3950,-1.0,98700.0,PINA_COLADAS,14918.0,93.0,,,,,14921.0,20.0,14922.0,73.0,,,14919.5,13948.75
3954,-1.0,98800.0,PINA_COLADAS,14916.0,82.0,,,,,14919.0,82.0,,,,,14917.5,14403.0
3958,-1.0,98900.0,PINA_COLADAS,14920.0,88.0,,,,,14923.0,88.0,,,,,14921.5,13687.75
3960,-1.0,99000.0,PINA_COLADAS,14925.0,103.0,,,,,14928.0,103.0,,,,,14926.5,12698.0
3966,-1.0,99100.0,PINA_COLADAS,14926.0,22.0,14925.0,104.0,,,14928.0,104.0,,,,,14927.0,12637.5
3970,-1.0,99200.0,PINA_COLADAS,14923.0,73.0,,,,,14926.0,20.0,14927.0,53.0,,,14924.5,12990.25
3974,-1.0,99300.0,PINA_COLADAS,14923.0,103.0,,,,,14926.0,103.0,,,,,14924.5,13052.5
3976,-1.0,99400.0,PINA_COLADAS,14923.0,37.0,14922.0,50.0,,,14925.0,37.0,14926.0,50.0,,,14924.0,13169.75
3982,-1.0,99500.0,PINA_COLADAS,14925.0,21.0,14924.0,73.0,,,14928.0,94.0,,,,,14926.5,12735.0
3986,-1.0,99600.0,PINA_COLADAS,14925.0,104.0,,,,,14928.0,104.0,,,,,14926.5,12620.25
3990,-1.0,99700.0,PINA_COLADAS,14924.0,34.0,14923.0,72.0,,,14927.0,106.0,,,,,14925.5,12936.25
3992,-1.0,99800.0,PINA_COLADAS,14928.0,83.0,,,,,14931.0,32.0,14932.0,51.0,,,14929.5,12042.0
3998,-1.0,99900.0,PINA_COLADAS,14929.0,88.0,,,,,14932.0,29.0,14933.0,59.0,,,14930.5,11845.25
4002,-1.0,100000.0,PINA_COLADAS,14929.0,110.0,,,,,14932.0,39.0,14933.0,71.0,,,14930.5,11849.5
4006,-1.0,100100.0,PINA_COLADAS,14928.0,101.0,,,,,14929.0,34.0,14931.0,101.0,,,14928.5,12048.5
4008,-1.0,100200.0,PINA_COLADAS,14930.0,35.0,14929.0,75.0,,,14932.0,35.0,14933.0,75.0,,,14931.0,11832.0
4013,-1.0,100300.0,PINA_COLADAS,14932.0,88.0,,,,,14935.0,88.0,,,,,14933.5,11323.75
4018,-1.0,100400.0,PINA_COLADAS,14937.0,84.0,,,,,14940.0,84.0,,,,,14938.5,10389.0
4021,-1.0,100500.0,PINA_COLADAS,14938.0,92.0,,,,,14941.0,92.0,,,,,14939.5,10171.75
4024,-1.0,100600.0,PINA_COLADAS,14938.0,98.0,,,,,14941.0,98.0,,,,,14939.5,10243.25
4029,-1.0,100700.0,PINA_COLADAS,14936.0,95.0,,,,,14939.0,95.0,,,,,14937.5,10595.5
4034,-1.0,100800.0,PINA_COLADAS,14936.0,2.0,14935.0,52.0,,,14938.0,25.0,14939.0,52.0,,,14937.0,10668.0
4037,-1.0,100900.0,PINA_COLADAS,14935.0,75.0,,,,,14938.0,75.0,,,,,14936.5,10807.25
4040,-1.0,101000.0,PINA_COLADAS,14938.0,88.0,,,,,14941.0,88.0,,,,,14939.5,10073.5
4045,-1.0,101100.0,PINA_COLADAS,14938.0,91.0,,,,,14941.0,91.0,,,,,14939.5,10152.75
4051,-1.0,101200.0,PINA_COLADAS,14938.0,30.0,14937.0,67.0,,,14941.0,97.0,,,,,14939.5,10189.0
4055,-1.0,101300.0,PINA_COLADAS,14936.0,103.0,,,,,14939.0,103.0,,,,,14937.5,10580.25
4057,-1.0,101400.0,PINA_COLADAS,14940.0,92.0,,,,,14943.0,92.0,,,,,14941.5,9705.0
4063,-1.0,101500.0,PINA_COLADAS,14941.0,36.0,14940.0,68.0,,,14944.0,104.0,,,,,14942.5,9549.0
4067,-1.0,101600.0,PINA_COLADAS,14941.0,29.0,14940.0,64.0,,,14943.0,29.0,14944.0,64.0,,,14942.0,9559.75
4071,-1.0,101700.0,PINA_COLADAS,14939.0,110.0,,,,,14942.0,38.0,14943.0,72.0,,,14940.5,9827.75
4073,-1.0,101800.0,PINA_COLADAS,14938.0,114.0,,,,,14939.0,22.0,14941.0,40.0,14942.0,74.0,14938.5,10039.75
4079,-1.0,101900.0,PINA_COLADAS,14938.0,86.0,,,,,14941.0,86.0,,,,,14939.5,10152.5
4083,-1.0,102000.0,PINA_COLADAS,14938.0,76.0,,,,,14941.0,76.0,,,,,14939.5,10158.25
4087,-1.0,102100.0,PINA_COLADAS,14938.0,78.0,,,,,14941.0,78.0,,,,,14939.5,10177.0
4089,-1.0,102200.0,PINA_COLADAS,14932.0,84.0,,,,,14935.0,23.0,14936.0,61.0,,,14933.5,11321.75
4095,-1.0,102300.0,PINA_COLADAS,14933.0,77.0,,,,,14936.0,77.0,,,,,14934.5,11119.0
4097,-1.0,102400.0,PINA_COLADAS,14935.0,95.0,,,,,14938.0,95.0,,,,,14936.5,10768.5
4100,-1.0,102500.0,PINA_COLADAS,14934.0,71.0,,,,,14937.0,21.0,14938.0,50.0,,,14935.5,10885.25
4105,-1.0,102600.0,PINA_COLADAS,14932.0,30.0,14931.0,58.0,,,14934.0,30.0,14935.0,58.0,,,14933.0,11523.0
4111,-1.0,102700.0,PINA_COLADAS,14933.0,38.0,14932.0,60.0,,,14935.0,38.0,14936.0,60.0,,,14934.0,11309.75
4112,-1.0,102800.0,PINA_COLADAS,14930.0,33.0,14929.0,74.0,,,14932.0,33.0,14933.0,74.0,,,14931.0,11942.0
4116,-1.0,102900.0,PINA_COLADAS,14931.0,90.0,,,,,14934.0,90.0,,,,,14932.5,11559.5
4121,-1.0,103000.0,PINA_COLADAS,14932.0,21.0,14931.0,56.0,,,14935.0,77.0,,,,,14933.5,11471.0
4126,-1.0,103100.0,PINA_COLADAS,14937.0,83.0,,,,,14940.0,31.0,14941.0,52.0,,,14938.5,10248.0
4128,-1.0,103200.0,PINA_COLADAS,14938.0,91.0,,,,,14941.0,91.0,,,,,14939.5,10140.5
4132,-1.0,103300.0,PINA_COLADAS,14939.0,77.0,,,,,14942.0,77.0,,,,,14940.5,9839.75
4139,-1.0,103400.0,PINA_COLADAS,14940.0,32.0,14939.0,53.0,,,14942.0,32.0,14943.0,53.0,,,14941.0,9806.5
4142,-1.0,103500.0,PINA_COLADAS,14940.0,90.0,,,,,14943.0,90.0,,,,,14941.5,9746.5
4144,-1.0,103600.0,PINA_COLADAS,14936.0,98.0,,,,,14939.0,98.0,,,,,14937.5,10601.0
4148,-1.0,103700.0,PINA_COLADAS,14935.0,95.0,,,,,14938.0,95.0,,,,,14936.5,10737.75
4154,-1.0,103800.0,PINA_COLADAS,14935.0,108.0,,,,,14938.0,108.0,,,,,14936.5,10711.25
4158,-1.0,103900.0,PINA_COLADAS,14932.0,99.0,,,,,14935.0,99.0,,,,,14933.5,11400.25
4160,-1.0,104000.0,PINA_COLADAS,14935.0,63.0,14934.0,58.0,,,14937.0,23.0,14938.0,58.0,,,14936.0,10877.75
4164,-1.0,104100.0,PINA_COLADAS,14934.0,88.0,,,,,14937.0,88.0,,,,,14935.5,10929.0
4170,-1.0,104200.0,PINA_COLADAS,14937.0,102.0,,,,,14940.0,30.0,14941.0,72.0,,,14938.5,10248.25
4174,-1.0,104300.0,PINA_COLADAS,14936.0,31.0,14935.0,62.0,,,14938.0,31.0,14939.0,62.0,,,14937.0,10642.5
4176,-1.0,104400.0,PINA_COLADAS,14934.0,108.0,,,,,14937.0,39.0,14938.0,69.0,,,14935.5,10886.75
4180,-1.0,104500.0,PINA_COLADAS,14933.0,105.0,,,,,14936.0,105.0,,,,,14934.5,11221.25
4186,-1.0,104600.0,PINA_COLADAS,14934.0,30.0,14933.0,69.0,,,14936.0,30.0,14937.0,69.0,,,14935.0,11083.25
4189,-1.0,104700.0,PINA_COLADAS,14932.0,95.0,,,,,14935.0,95.0,,,,,14933.5,11341.75
4192,-1.0,104800.0,PINA_COLADAS,14932.0,95.0,,,,,14935.0,95.0,,,,,14933.5,11346.5
4196,-1.0,104900.0,PINA_COLADAS,14933.0,90.0,,,,,14936.0,90.0,,,,,14934.5,11209.0
4201,-1.0,105000.0,PINA_COLADAS,14935.0,85.0,,,,,14938.0,28.0,14939.0,57.0,,,14936.5,10682.25
4205,-1.0,105100.0,PINA_COLADAS,14941.0,27.0,14940.0,52.0,,,14943.0,27.0,14944.0,52.0,,,14942.0,9564.0
4208,-1.0,105200.0,PINA_COLADAS,14943.0,112.0,,,,,14946.0,112.0,,,,,14944.5,9094.25
4212,-1.0,105300.0,PINA_COLADAS,14943.0,97.0,,,,,14946.0,97.0,,,,,14944.5,9056.0
4217,-1.0,105400.0,PINA_COLADAS,14944.0,23.0,14943.0,103.0,,,14946.0,38.0,14947.0,65.0,,,14945.0,8960.75
4221,-1.0,105500.0,PINA_COLADAS,14943.0,24.0,14942.0,69.0,,,14945.0,24.0,14946.0,69.0,,,14944.0,9136.75
4226,-1.0,105600.0,PINA_COLADAS,14938.0,102.0,,,,,14941.0,102.0,,,,,14939.5,10156.25
4229,-1.0,105700.0,PINA_COLADAS,14939.0,28.0,14938.0,56.0,,,14942.0,84.0,,,,,14940.5,9969.75
4235,-1.0,105800.0,PINA_COLADAS,14936.0,112.0,,,,,14939.0,112.0,,,,,14937.5,10555.75
4237,-1.0,105900.0,PINA_COLADAS,14937.0,91.0,,,,,14940.0,91.0,,,,,14938.5,10311.25
4241,-1.0,106000.0,PINA_COLADAS,14935.0,102.0,,,,,14938.0,28.0,14939.0,74.0,,,14936.5,10683.0
4245,-1.0,106100.0,PINA_COLADAS,14938.0,97.0,,,,,14939.0,36.0,14941.0,97.0,,,14938.5,10089.25
4251,-1.0,106200.0,PINA_COLADAS,14937.0,80.0,,,,,14940.0,80.0,,,,,14938.5,10327.75
4253,-1.0,106300.0,PINA_COLADAS,14936.0,87.0,,,,,14939.0,87.0,,,,,14937.5,10606.5
4257,-1.0,106400.0,PINA_COLADAS,14935.0,100.0,,,,,14938.0,27.0,14939.0,73.0,,,14936.5,10671.5
4261,-1.0,106500.0,PINA_COLADAS,14938.0,98.0,,,,,14941.0,39.0,14942.0,59.0,,,14939.5,10032.0
4267,-1.0,106600.0,PINA_COLADAS,14940.0,90.0,,,,,14943.0,90.0,,,,,14941.5,9723.75
4270,-1.0,106700.0,PINA_COLADAS,14941.0,92.0,,,,,14944.0,92.0,,,,,14942.5,9516.75
4272,-1.0,106800.0,PINA_COLADAS,14939.0,85.0,,,,,14942.0,85.0,,,,,14940.5,9870.25
4277,-1.0,106900.0,PINA_COLADAS,14940.0,35.0,14939.0,52.0,,,14942.0,35.0,14943.0,52.0,,,14941.0,9773.25
4282,-1.0,107000.0,PINA_COLADAS,14941.0,104.0,,,,,14944.0,104.0,,,,,14942.5,9531.75
4285,-1.0,107100.0,PINA_COLADAS,14944.0,101.0,,,,,14947.0,101.0,,,,,14945.5,8894.0
4288,-1.0,107200.0,PINA_COLADAS,14942.0,99.0,,,,,14945.0,99.0,,,,,14943.5,9213.25
4293,-1.0,107300.0,PINA_COLADAS,14944.0,27.0,14943.0,74.0,,,14946.0,27.0,14947.0,74.0,,,14945.0,8941.5
4298,-1.0,107400.0,PINA_COLADAS,14943.0,100.0,,,,,14946.0,100.0,,,,,14944.5,9064.75
4302,-1.0,107500.0,PINA_COLADAS,14943.0,20.0,14942.0,67.0,,,14946.0,87.0,,,,,14944.5,9116.0
4304,-1.0,107600.0,PINA_COLADAS,14941.0,97.0,,,,,14944.0,97.0,,,,,14942.5,9418.5
4310,-1.0,107700.0,PINA_COLADAS,14944.0,21.0,14943.0,57.0,,,14946.0,21.0,14947.0,57.0,,,14945.0,8927.5
4314,-1.0,107800.0,PINA_COLADAS,14944.0,85.0,,,,,14947.0,85.0,,,,,14945.5,8812.25
4319,-1.0,107900.0,PINA_COLADAS,14942.0,114.0,,,,,14945.0,114.0,,,,,14943.5,9211.75
4320,-1.0,108000.0,PINA_COLADAS,14944.0,100.0,,,,,14945.0,22.0,14947.0,100.0,,,14944.5,8818.75
4326,-1.0,108100.0,PINA_COLADAS,14945.0,98.0,,,,,14948.0,98.0,,,,,14946.5,8606.0
4330,-1.0,108200.0,PINA_COLADAS,14943.0,34.0,14942.0,55.0,,,14945.0,34.0,14946.0,55.0,,,14944.0,9150.75
4334,-1.0,108300.0,PINA_COLADAS,14943.0,29.0,14942.0,73.0,,,14946.0,102.0,,,,,14944.5,9114.75
4336,-1.0,108400.0,PINA_COLADAS,14943.0,100.0,,,,,14946.0,100.0,,,,,14944.5,9005.5
4342,-1.0,108500.0,PINA_COLADAS,14942.0,85.0,,,,,14945.0,85.0,,,,,14943.5,9291.25
4346,-1.0,108600.0,PINA_COLADAS,14946.0,39.0,14945.0,53.0,,,14948.0,39.0,14949.0,53.0,,,14947.0,8526.25
4350,-1.0,108700.0,PINA_COLADAS,14947.0,79.0,,,,,14950.0,24.0,14951.0,55.0,,,14948.5,8116.25
4352,-1.0,108800.0,PINA_COLADAS,14949.0,95.0,,,,,14952.0,33.0,14953.0,62.0,,,14950.5,7676.5
4358,-1.0,108900.0,PINA_COLADAS,14953.0,26.0,14952.0,54.0,,,14955.0,26.0,14956.0,54.0,,,14954.0,7019.75
4362,-1.0,109000.0,PINA_COLADAS,14950.0,104.0,,,,,14953.0,104.0,,,,,14951.5,7502.0
4365,-1.0,109100.0,PINA_COLADAS,14954.0,95.0,,,,,14957.0,95.0,,,,,14955.5,6688.25
4368,-1.0,109200.0,PINA_COLADAS,14955.0,23.0,14954.0,63.0,,,14958.0,86.0,,,,,14956.5,6547.0
4373,-1.0,109300.0,PINA_COLADAS,14952.0,95.0,,,,,14955.0,30.0,14956.0,65.0,,,14953.5,7040.75
4378,-1.0,109400.0,PINA_COLADAS,14951.0,101.0,,,,,14954.0,101.0,,,,,14952.5,7310.75
4381,-1.0,109500.0,PINA_COLADAS,14946.0,31.0,14945.0,69.0,,,14949.0,100.0,,,,,14947.5,8466.75
4384,-1.0,109600.0,PINA_COLADAS,14946.0,81.0,,,,,14949.0,81.0,,,,,14947.5,8445.0
4389,-1.0,109700.0,PINA_COLADAS,14945.0,33.0,14944.0,92.0,,,14947.0,92.0,,,,,14946.0,8803.0
4394,-1.0,109800.0,PINA_COLADAS,14948.0,87.0,,,,,14951.0,87.0,,,,,14949.5,7968.5
4397,-1.0,109900.0,PINA_COLADAS,14948.0,37.0,14947.0,51.0,,,14950.0,37.0,14951.0,51.0,,,14949.0,8063.5
4400,-1.0,110000.0,PINA_COLADAS,14949.0,92.0,,,,,14952.0,92.0,,,,,14950.5,7741.5
4407,-1.0,110100.0,PINA_COLADAS,14949.0,94.0,,,,,14952.0,38.0,14953.0,56.0,,,14950.5,7692.0
4411,-1.0,110200.0,PINA_COLADAS,14949.0,103.0,,,,,14952.0,30.0,14953.0,73.0,,,14950.5,7684.5
4415,-1.0,110300.0,PINA_COLADAS,14949.0,107.0,,,,,14952.0,40.0,14953.0,67.0,,,14950.5,7688.75
4417,-1.0,110400.0,PINA_COLADAS,14949.0,14.0,14948.0,56.0,,,14951.0,25.0,14952.0,56.0,,,14950.0,7865.0
4423,-1.0,110500.0,PINA_COLADAS,14950.0,100.0,,,,,14953.0,100.0,,,,,14951.5,7505.25
4427,-1.0,110600.0,PINA_COLADAS,14951.0,104.0,,,,,14954.0,104.0,,,,,14952.5,7235.5
4431,-1.0,110700.0,PINA_COLADAS,14953.0,40.0,14952.0,75.0,,,14955.0,40.0,14956.0,75.0,,,14954.0,6964.25
4433,-1.0,110800.0,PINA_COLADAS,14957.0,20.0,14956.0,53.0,,,14959.0,20.0,14960.0,53.0,,,14958.0,6052.25
4439,-1.0,110900.0,PINA_COLADAS,14954.0,98.0,,,,,14957.0,98.0,,,,,14955.5,6625.5
4443,-1.0,111000.0,PINA_COLADAS,14952.0,78.0,,,,,14955.0,78.0,,,,,14953.5,7090.0
4447,-1.0,111100.0,PINA_COLADAS,14955.0,28.0,14954.0,51.0,,,14957.0,28.0,14958.0,51.0,,,14956.0,6494.5
4450,-1.0,111200.0,PINA_COLADAS,14956.0,99.0,,,,,14959.0,99.0,,,,,14957.5,6119.0
4455,-1.0,111300.0,PINA_COLADAS,14956.0,106.0,,,,,14959.0,106.0,,,,,14957.5,6202.0
4456,-1.0,111400.0,PINA_COLADAS,14957.0,28.0,14956.0,97.0,,,14959.0,97.0,,,,,14958.0,6193.0
4460,-1.0,111500.0,PINA_COLADAS,14956.0,38.0,14955.0,96.0,,,14958.0,96.0,,,,,14957.0,6447.75
4465,-1.0,111600.0,PINA_COLADAS,14956.0,40.0,14955.0,55.0,,,14958.0,40.0,14959.0,55.0,,,14957.0,6281.0
4471,-1.0,111700.0,PINA_COLADAS,14956.0,84.0,,,,,14959.0,84.0,,,,,14957.5,6118.5
4472,-1.0,111800.0,PINA_COLADAS,14953.0,28.0,14952.0,71.0,,,14955.0,28.0,14956.0,71.0,,,14954.0,6963.0
4476,-1.0,111900.0,PINA_COLADAS,14954.0,102.0,,,,,14957.0,102.0,,,,,14955.5,6642.25
4482,-1.0,112000.0,PINA_COLADAS,14955.0,99.0,,,,,14958.0,99.0,,,,,14956.5,6453.75
4486,-1.0,112100.0,PINA_COLADAS,14960.0,24.0,14959.0,34.0,14958.0,55.0,14961.0,34.0,14962.0,55.0,,,14960.5,5597.75
4488,-1.0,112200.0,PINA_COLADAS,14953.0,90.0,,,,,14956.0,90.0,,,,,14954.5,6895.25
4492,-1.0,112300.0,PINA_COLADAS,14954.0,86.0,,,,,14957.0,86.0,,,,,14955.5,6579.25
